2692 4246
215 193 279 260 120

216 365 273 447 15,
298 364 375 430 102:
406 367 486 434 Neo
512 374 553 434 ut
580 365 666 454 (und
689 389 783 432 wenn
806 367 864 432 wir
887 368 969 434 euch
991 365 1102 456 nicht)
1131 369 1251 434 &oum

212 467 383 547 maximum
404 525 493 548 .....
514 483 594 550 iuter
619 501 732 564 mepno
754 501 850 566 opero
871 481 1009 547 &omos
1029 501 1078 568 sq.
1119 477 1249 547 Notum

211 597 399 674 praetereo,
433 593 462 656 oi
487 589 575 662 haud
604 612 677 656 raro
704 613 766 678 pro
798 613 840 656 on
868 590 962 680 poni,
996 589 1083 680 quod
1116 588 1249 678 egregie

211 700 397 770 restitutum
421 711 471 768 est
492 704 532 768 ab
545 701 617 768 Url.
630 702 762 770 ortano
783 703 850 786 XI,
876 704 927 788 17,
949 701 1008 768 ut:
1030 703 1249 790 Aequomodo

211 815 246 878 si
266 816 331 878 stne
353 815 459 882 anteo
480 821 648 882 cosmetor
665 817 699 880 tc
720 817 896 902 quaestione
911 823 965 898 est,
987 837 1062 885 uem
1084 813 1251 894 exciderat

212 933 346 1012 propter
368 925 590 1012 insequentem
614 924 782 1016 syllobem.

300 1035 467 1102 Hactenus
491 1037 530 1105 de
552 1038 728 1124 particulis.
773 1038 890 1127 Neque
913 1039 999 1104 euim
1022 1038 1097 1120 erit,
1120 1038 1250 1126 opinor,

214 1148 270 1236 qui
298 1145 541 1220 Ciceronianam
573 1151 688 1235 horum
721 1151 953 1222 vocabulorum
987 1151 1167 1219 ubertatem
1196 1147 1277 1234 vel*

213 1283 333 1340 nexum
357 1260 447 1326 illum
469 1263 623 1339 cretionis
647 1263 869 1330 admirabilem
892 1285 1035 1352 semper,
1059 1285 1153 1353 quem
1176 1285 1251 1352 pnr-

214 1371 385 1450 tieularum
409 1372 613 1440 multitudine
635 1374 794 1441 verietate
816 1375 1034 1442 concinnitate
1056 1374 1251 1443 instructum

215 1493 311 1570 etque
336 1493 484 1560 ornatum
507 1484 670 1568 videmus,
700 1485 786 1572 apud
805 1494 978 1566 ,auctorem
1000 1483 1168 1553 Naturalis
1191 1483 1252 1552 Hi·

215 1596 333 1676 storiae
363 1597 517 1684 requiret.
562 1595 710 1676 Quantas
741 1619 817 1664 vero
849 1597 890 1664 ad
920 1599 1087 1686 angustiae
1110 1608 1142 1662 et
1164 1620 1253 1663 com·

214 1708 384 1795 positionis
416 1709 507 1796 quasi
537 1709 678 1796 inopium
709 1732 747 1774 ee
776 1719 898 1792 aetate,
928 1710 968 1781 de
990 1734 1054 1798 quc
1075 1710 1251 1798 loquimur,

213 1819 325 1906 lingua
347 1818 466 1886 Latine
488 1819 619 1895 redeotn
641 1821 752 1904 fuerit,
774 1821 1005 1910 particularum
1031 1831 1174 1908 egestate
1197 1821 1252 1888 vel

214 1933 355 2014 maxime
377 1933 452 1996 lieet
475 1955 660 2019 coarguere.
704 1933 811 2020 Igitur
832 1957 938 2022 neque
960 1935 998 2000 iis
1021 1934 1118 2002 indici
1141 1933 1250 2000 solent

215 2045 394 2112 sententiae
415 2045 647 2134 proponendae
671 2047 757 2134 epod
784 2047 884 2114 ulium
910 2047 979 2133 ejus
1003 2045 1118 2114 aetatis
1140 2054 1252 2113 aueto-

214 2179 292 2238 rem,
315 2179 420 2244 neque
445 2158 675 2224 vocabulorum
699 2159 795 2244 hujus
819 2159 948 2246 generis
972 2157 1112 2238 auxilio,
1141 2167 1178 2224 ut
1200 2179 1251 2223 ee·

214 2269 297 2334 solet
319 2269 352 2332 in
369 2269 507 2354 ,antiquo
531 2291 691 2352 sermone,
714 2270 888 2337 enuntiatis
913 2269 1127 2355 subjiciuntur
1150 2291 1250 2332 cuun-

213 2380 303 2458 tiota‚
326 2379 383 2446 sed
406 2379 578 2467 seperatim
595 2403 632 2448 uc
648 2401 793 2446 seorsum
809 2389 987 2468 sequuntur
1005 2381 1103 2468 juxta
1124 2384 1250 2468 posite,

214 2513 320 2578 neque
341 2490 511 2557 relativum
528 2491 617 2557 veris
631 2514 691 2556 suc
705 2492 810 2556 formo
828 2513 960 2558 munere
974 2489 1007 2560 iu
1030 2490 1080 2555 hie
1101 2490 1251 2576 ¹fungitur

214 2601 441 2688 conjungendi,
456 2599 513 2666 sed
530 2623 588 2692 per
606 2601 858 2690 demonstrativa
874 2601 1062 2690 plerumque
1076 2601 1252 2669 cohaerent

215 2713 369 2802 orationis
405 2714 558 2780 membre.
611 2713 729 2800 Fitque
765 2712 877 2778 eodem
914 2711 969 2780 illo
1005 2711 1250 2802 compositionis

213 2847 343 2912 genere,
361 2836 396 2890 ut
412 2825 629 2914 periodorum,
649 2847 729 2912 ques
747 2834 872 2903 vocent,
894 2825 1143 2912 artifieioetque
1161 2822 1251 2890 enltu

215 2937 401 3014 destitutam
432 2938 499 3002 fere
527 2939 706 3004 orationem
737 2959 774 3002 ee
804 2959 908 3026 paene
930 2935 1050 3000 nudam
1070 2933 1172 3000 liceat
1193 2935 1251 3002 mi·

214 3049 289 3115 reri.
313 3049 509 3116 Premuntur
525 3051 637 3140 utique
654 3051 827 3140 scriptores
846 3049 899 3116 ilii·
909 3047 1141 3138 pertieulcrum
1160 3057 1251 3124 tonte

216 3159 309 3250 quosi
330 3161 479 3248 penurie,
504 3177 555 3245 ut,
578 3162 604 3224 si
629 3184 701 3226 eum
724 3160 887 3250 prioribus
911 3169 1156 3248 comparentur,
1181 3168 1251 3223 erte

216 3269 271 3336 ille
295 3271 463 3360 expeditne
491 3283 524 3338 et
551 3274 646 3338 facile
675 3273 834 3344 currentis
865 3271 1020 3338 orationis
1050 3293 1182 3359 prorsus
1206 3271 1251 3339 vi-

217 3383 353 3451 deantur
369 3383 469 3450 defici.
505 3383 592 3464 Quid
613 3383 742 3455 multa?
766 3383 976 3450 Per-indorum
1001 3383 1130 3472 quidem
1153 3382 1250 3470 panio

216 3497 408 3586 ampliorum
433 3497 511 3565 nihil
535 3507 583 3564 eet
606 3497 734 3584 videre;
757 3520 840 3586 quac
858 3519 935 3562 vero
953 3495 1166 3584 cppeiicverie
1189 3495 1251 3560 hoc

216 3610 360 3692 nomine,
390 3632 428 3696 ea
458 3619 515 3676 out
542 3609 653 3674 inflato
669 3631 801 3696 genere
824 3607 953 3674 dicendi
976 3618 1009 3672 et
1030 3607 1249 3672 membrorum

216 3721 404 3788 confusione
422 3720 659 3807 verborumque
673 3721 879 3790 contentione
899 3729 1051 3810 corrupto
1071 3719 1249 3801 dehiscunt,

217 3825 274 3930 'erut
295 3833 375 3898 nihil
398 3833 462 3900 nisi
491 3833 653 3922 longiores
678 3813 809 3920 quidem
839 3842 915 3901 erint
941 3832 1130 3918 complexus
1153 3853 1251 3896 enun-
