2692 4246
1072 205 1140 304 aa·

98 411 173 478 Hoc
189 411 329 501 quidam,
352 421 389 477 ιιι
406 411 524 480 assolet
538 411 572 477 in
585 433 703 499 graeco
719 407 876 476 sermons.
901 410 983 478 Ibid.
995 411 1047 494 34,
1060 407 1135 476 336.

99 524 182 592 Gom
213 525 350 612 quibus,
379 523 406 590 si
436 524 617 608 videbitur,
646 525 687 592 cf.
718 523 805 612 apud
833 523 915 592 Plin.
948 519 1020 592 Sec.
1049 519 1134 610 Epp.

97 633 238 719 111‚,14,
264 637 298 702 1:
330 639 464 719 Parnm,
486 639 578 702 immo
600 640 728 702 nimiam
751 634 949 700 meminisset
971 656 1018 721 sq.
1062 631 1135 720 (Cf.

98 749 204 816 Tacit.
226 747 312 814 Hist.
336 749 384 830 II,
406 749 466 814 48:
490 747 563 813 Nau
586 755 738 835 patrnam
762 745 824 812 sibi
847 743 1011 812 Othonem
1033 745 1135 811 fuisse

98 869 156 929 aut
178 863 405 928 oblivisceretm
435 881 576 946 unquam
601 867 657 924 aut
684 861 812 924 mmmm
832 859 1033 944 meminisset,
1061 849 1135 946 μήτ’
1235 859 1239 866 ’

99 972 330 1043 ἐπιλαθέσθαι
353 963 550 1040 παντάπασι
571 962 646 1060 μήτ’
668 965 749 1060 ἄγαν
770 964 1005 1058 μνημονεύειν.)
1044 963 1133 1036 ‘Ibid.

98 1083 183 1170 VII,
216 1087 274 1169 10,
305 1085 342 1150 3:
382 1083 435 1149 Ne
467 1105 580 1150 rursus
609 1082 813 1171 provinciae,
846 1080 931 1168 quod
964 1079 1135 1146 damnasse

99 1195 231 1277 dicitur,
260 1196 389 1282 placeat
410 1192 554 1282 agatque
574 1185 797 1290 ¹poeaitentiam
820 1197 1028 1281 poenitentiae
1050 1215 1135 1260 saca.

100 1305 167 1393 (Oi.
192 1304 281 1372 Ourt.
305 1305 381 1372 Ruf.
403 1307 455 1389 X,
479 1306 510 1390 7,
537 1307 593 1372 12:
617 1307 859 1394 Poemitabatque
882 1305 976 1372 modo
999 1303 1134 1387 consilii,
1173 1319 1177 1330 ·

98 1416 193 1482 modo
217 1421 425 1503 poenitentiae
454 1419 581 1506 meires.)
626 1417 711 1484 Ibid.
735 1417 836 1502 VIII,
866 1417 924 1498 24,
947 1417 982 1482 2:
1017 1415 1135 1504 Oogita

98 1535 131 1590 te
166 1526 300 1590 missum
340 1525 374 1590 in
408 1527 608 1614 provinciam
637 1525 814 1615 Acbajam,
854 1529 939 1592 ittam
968 1548 1076 1593 aeram
1107 1535 1136 1593 at

103 1659 221 1703 maram
245 1637 410 1704 Graeciam
433 1661 480 1727 sq.
516 1637 602 1704 Ibid.
624 1639 693 1722 DI,
717 1639 754 1722 6,
776 1620 819 1704 4εΙ
838 1637 927 1722 Quos
950 1639 1058 1726 (dies)
1080 1636 1146 1728 alii¹
1211 1657 1216 1664 ·

6 1743 7 1746 ¹
100 1753 288 1818 otiosissimis
316 1753 564 1836 commotionibus
580 1750 742 1839 ¹perdunt.
784 1749 859 1815 Hoc
882 1771 958 1815 vero
983 1757 1032 1814 est
1058 1765 1135 1834 ocy-

98 1885 218 1930 momsm
241 1861 326 1949 quod
339 1871 465 1927 veteres
485 1863 636 1928 dicebant
649 1863 874 1946 Grammatioi,
897 1864 989 1950 cujus
1005 1861 1134 1948 generis

99 1975 201 2040 multa
235 1974 365 2061 quidem
399 1974 484 2062 apud
518 1975 655 2040 eundem
695 1964 884 2064 scriptorem
919 1973 1135 2063 reperiuntur,

99 2087 188 2152 velut
210 2065 237 2170 I,
262 2087 312 2167 10,
335 2087 372 2152 9:
396 2085 511 2154 Scribo
534 2087 706 2176 plurimas,
731 2087 1134 2154 sen-almeramomele-

101 2207 190 2264 taras.
234 2197 334 2263 Velut
361 2197 503 2263 Horatii
524 2199 580 2264 illa
613 2185 778 2266 concordia
811 2203 944 2283 discors,
977 2201 1135 2263 insectans

99 2313 266 2396 mpimte,
299 2309 384 2396 apud
410 2309 596 2376 Imoretinm
623 2313 777 2377 iamsmeri
806 2315 941 2394 cameri,
977 2311 1010 2376 in
1033 2307 1134 2376 Ennii

99 2422 215 2508 fragm.
245 2441 297 2486 ars
322 2424 422 2504 iaces,
457 2423 541 2510 apud
570 2419 761 2488 Ciceronem
788 2423 940 2510 insepalta
965 2425 1134 2510 sepattma.

98 2533 182 2598 Ibid.
204 2531 255 2614 II,
280 2533 312 2614 1,
338 2533 380 2596 l·:·
402 2533 552 2618 Triginta
573 2533 666 2598 annis
687 2533 810 2620 gloriae
833 2557 910 2600 suae
934 2533 1133 2622 supervixit,

99 2645 179 2732 legit
201 2643 322 2732 scripta
346 2643 386 2708 de
408 2667 444 2710 se
467 2645 619 2729 earmina,
642 2643 721 2732 legit
739 2647 890 2712 historias
910 2657 943 2711 et
957 2649 1136 2732 posteritati

5 2821 6 2830 ,
99 2777 174 2823 saca
194 2759 341 2840 interfuit.
385 2757 454 2840 IX,
476 2757 595 2840 26,'1:
627 2757 854 2843 Nititpaocot,
876 2761 936 2823 cisi
957 2761 1040 2844 qaod
1059 2759 1137 2824 attii

5 2843 6 2918 i
95 2875 215 2953 peccat.
238 2867 321 2932 Ibid.
337 2867 440 2950 30,4:
463 2867 514 2932 Ea
535 2868 655 2934 invasit
678 2869 824 2938 homines
847 2867 987 2934 habendi
1006 2867 1144 2955 cupido,

100 2989 136 3045 ιιι
159 2983 315 3066 possideri
335 2979 440 3068 magis
463 3003 559 3068 qnam
583 2984 743 3066 possidere
764 2981 945 3046 videantur.
992 2965 1145 3070 (Setun-⁸

100 3091 176 3156 dum
199 3091 279 3158 illud
302 3092 460 3180 Aristippi
484 3089 563 3175 ἔχω,
585 3087 643 3161 οὖν
666 3089 798 3178 ἔχομαι,
826 3093 912 3180 quod
936 3093 1022 3181 apud
1045 3089 1136 3159 Oica·

99 3223 212 3268 ranem
234 3203 319 3291 Bpp.
343 3205 393 3272 ad.
418 3203 509 3270 Fam.
533 3205 596 3287 IX,
619 3205 875 3272 tetrantorum
899 3215 1006 3271 exstat
1028 3207 1135 3289 habea,

98 3337 163 3382 aaa
184 3317 299 3382 habeor
321 3340 340 3380 a
362 3313 482 3401 Laide,
515 3317 600 3403 apud
623 3315 813 3382 Sallustium
845 3326 952 3383 autem
982 3315 1021 3382 dc
1050 3317 1134 3382 bello

100 3427 255 3514 Iugurth.
278 3427 325 3510 11,
347 3428 387 3492 3:
417 3429 498 3514 Agit
521 3428 689 3517 (animus)
713 3440 812 3518 atque
834 3431 922 3496 trabat
945 3437 1061 3496 cuncta
1082 3449 1135 3494 ne·
1242 3433 1245 3440 “

100 3559 163 3626 qus
186 3539 256 3628 ipse
279 3541 421 3604 habetor:
487 3569 490 3574 ·

185 3651 319 3718 Modum
337 3675 415 3718 vero
427 3653 551 3740 justum
567 3653 854 3719 exceduntsimilia
870 3651 954 3742 apud
967 3651 1135 3738 Senecam,

100 3762 186 3851 apud
213 3785 308 3850 quem
339 3764 441 3828 multa
464 3761 534 3850 ja'm
563 3785 629 3828 non
660 3765 804 3852 argutias
826 3764 1000 3831 habeamus
1023 3763 1138 3830 verbo-

99 3895 188 3958 ram,
219 3873 277 3940 sed
306 3875 407 3962 quasi¹
427 3876 566 3963 ineptias
595 3874 775 3942 litterarum
803 3885 964 3946 notemus.
1010 3873 1060 3942 Oi.
1082 3875 1136 3942 Do
