2720 4248
166 199 435 320 *a*

215 409 233 439 ν
316 379 401 450 Oum
431 382 483 448 bis
518 394 551 448 at
580 384 756 468 similibus,
792 387 820 450 si
849 384 957 469 lubet,
990 386 1144 452 causaris·
1170 385 1264 458 sliam

227 494 386 560 sermonis
407 493 575 578 dutitiam,
604 515 678 562 cum
702 496 766 564 duo
784 502 955 584 participia
975 498 1070 564 simul
1092 509 1265 586 ponuntur.

227 600 293 692 (ct
316 605 476 693 saprade
499 606 604 694 ellipsi
626 607 834 694 vauborum),
859 607 911 688 ΙΙ,
935 609 971 690 9,
994 609 1053 674 43:
1078 609 1265 692 Endpnsion,

227 717 265 781 ob
286 718 320 784 id
341 737 446 783 amora
469 721 535 803 ojus
557 725 698 802 captus
712 721 1033 802 samotradilus.
1072 720 1137 802 IX,
1156 719 1187 802 8,
1207 719 1265 794 20:

142 919 145 926 Ι
226 829 310 894 Ncin
334 833 392 915 pai
412 833 502 913 fains
531 832 888 914 concitisupicntein
916 836 950 896 in
978 834 1061 898 casia
1087 835 1153 898 ima
1176 819 1270 917 pai·-¹

227 945 347 1008 sacnti
363 945 509 1027 piscem
531 944 645 1008 ciuus
659 947 801 1028 spicitum
816 948 992 1010 maicone
1015 944 1200 1032 (delphini)
1218 965 1266 1031 sq.

313 1095 344 1160 5.
378 1093 483 1160 Multa
506 1104 538 1160 ct
561 1096 659 1178 mira,
693 1109 781 1185 quaa
799 1098 963 1185 pertinent
986 1099 1026 1163 sd
1049 1119 1153 1185 genus
1176 1098 1268 1186 quin·

216 1216 298 1272 ‘tum
324 1205 410 1293 quod
433 1208 665 1301 supraposui,
687 1207 808 1295 passim
832 1207 918 1298 apud
941 1207 1082 1274 Plinium
1104 1209 1267 1296 leguntur.

226 1317 327 1400 VIII,
354 1317 415 1401 42,
444 1317 526 1383 162:
555 1321 675 1384 Fonna
705 1339 854 1405 spacium
965 1323 1171 1406 pnlcbcm‘me
1200 1323 1268 1406 qai·

226 1434 295 1498 dem
322 1431 489 1515 Vcrpilio
511 1440 594 1497 acta
617 1433 758 1498 absolata
780 1441 832 1497 ast.
875 1431 968 1516 XX,
991 1434 1049 1516 20,
1072 1434 1152 1498 216:
1182 1435 1268 1499 Alci·

224 1547 298 1630 plan
319 1551 348 1610 cl
369 1545 506 1610 siluestre
527 1549 721 1627 alcaicum,
744 1551 976 1611 accusatum
988 1547 1267 1634 Pptbapora¹).

224 1655 295 1738 IX,
317 1655 375 1738 30,
399 1655 456 1722 89:
479 1657 553 1721 Non
570 1664 640 1720 sinit
651 1659 882 1742 praetereunda
905 1666 933 1722 ct
948 1657 1151 1722 L.Lucullo
1169 1680 1268 1743 pro·

226 1769 604 1834 consuloBaaticac
627 1775 829 1852 comporta
850 1769 888 1833 cla
905 1769 1030 1853 polypis
1052 1753 1098 1855 sq.
1129 1769 1266 1852 XVIII,

225 1879 284 1963 35,
308 1879 388 1944 361:
420 1879 566 1963 Delphini
590 1877 808 1964 'tranquillo
834 1883 929 1944 inari
950 1881 1140 1944 lascivientes
1153 1883 1269 1962 fictam

226 2015 265 2057 en
281 2012 342 2077 qua
358 1993 483 2055 caninii
492 1998 585 2074 parta
601 1989 858 2086 (praesagiunt),
871 1996 944 2088 itan
959 1999 1136 2078 sparpantes
1152 2013 1269 2078 apuam

223 2105 317 2168 iidem
339 2101 394 2188 (l)
418 2102 581 2166 turbato
600 2104 849 2186 tranquillitatem
859 2103 894 2189 ²).
916 2103 984 2185 XI,
1001 2103 1057 2185 26,
1072 2105 1129 2170 92:
1156 2103 1270 2169 Gentes

224 2223 388 2280 nascuntur
409 2217 448 2277 iis
470 2216 512 2278 ad
534 2216 699 2296 otiantem,
730 2217 822 2285 atium
843 2215 953 2280 Parthi
980 2236 998 2280 a
1001 2215 1121 2300 pibus
1144 2216 1269 2280 abun·

225 2325 422 2391 dantibus.
479 2321 685 2413 Quamquam
724 2325 776 2390 hio
816 2326 912 2390 etism
950 2347 1067 2390 causae
1104 2325 1268 2390 ablativus

223 2436 335 2502 baberi
357 2437 471 2524 possit,
495 2435 621 2523 dequo
644 2437 738 2506 infra,
784 2435 837 2518 ΙΙ,
860 2438 918 2519 26,
942 2435 998 2502 96:
1024 2439 1123 2521 Quale
1144 2439 1268 2503 Muti-

223 2549 416 2614 ncnsibus
437 2550 552 2613 malis
573 2552 672 2614 uisum
694 2533 758 2615 ast.⁴
790 2549 969 2632 XXXIII,
991 2549 1030 2632 4,
1054 2549 1110 2618 82:
1133 2549 1269 2635 Direpta

224 2681 263 2725 aa
281 2667 325 2725 asi
345 2647 483 2746 (statua)
505 2661 675 2726 Antonii
691 2661 896 2726 Parthicis
916 2661 1043 2727 rebus.
1065 2657 1148 2726 Ibid.
1164 2661 1267 2740 234:

226 2772 487 2839 Catilinianis
516 2775 639 2838 robus.
693 2767 939 2857 XXVIII,'-9,
973 2774 1052 2838 146:
1087 2775 1268 2859 publicis

224 2888 353 2949 saccis.
385 2884 489 2967 XVI,
505 2885 657 2966 34,144:
681 2887 947 2951 sollemnibus
969 2889 1112 2950 sacris.
1141 2883 1267 2950 Contra

223 2995 403 3078 XXXHI,
435 2995 474 3078 3,
505 2995 563 3060 39:
595 2999 636 3060 in
665 3000 803 3062 sacris.
849 2996 931 3061 Item
953 2996 1063 3079 XXI,
1095 2997 1131 3077 2,
1154 2996 1194 3061 4:
1226 3000 1267 3060 in

225 3112 350 3173 saccis
370 3109 652 3194 certaminibus
660 3160 670 3191 ,
687 3109 845 3195 probante
861 3107 1036 3177 Urlichsio.
1060 3107 1105 3172 Et
1120 3107 1195 3174 ibid.
1207 3109 1266 3173 11:

296 3468 321 3532 ¹)
341 3467 394 3519 Sed
412 3467 461 3518 hoc
478 3466 535 3516 loco
552 3465 652 3516 incerta
669 3464 761 3526 lectio,
781 3464 813 3512 cf.
831 3479 909 3530 supra
927 3464 959 3513 do
978 3464 1073 3514 dativo.

244 3555 250 3564 ι
291 3589 317 3656 ²)
342 3589 400 3651 Quo
421 3588 478 3638 loco
501 3587 563 3638 satis
585 3591 696 3652 apparet
719 3600 752 3636 ex
770 3588 866 3636 turbato
892 3583 957 3634 illud
976 3584 1110 3650 tranquillo
1128 3583 1193 3634 mari
1208 3598 1267 3634 non

223 3699 281 3737 asse
297 3683 495 3748 intelligendum
512 3681 655 3733 ablativum
672 3682 731 3732 loci.
766 3681 813 3732 Est
830 3697 904 3748 eigo,
928 3685 957 3730 ut
975 3666 1033 3732 cum
1051 3680 1160 3730 Platone
1177 3678 1266 3728 dicam

223 3778 369 3846 (Theaetet.
388 3793 414 3842 p.
426 3777 488 3840 153,
508 3775 564 3842 0.),
591 3772 749 3850 susspiciens
767 3771 808 3828 καὶ
826 3773 936 3851 γαλήνης
954 3771 1040 3849 οὔσης.
1077 3773 1116 3824 Oi.
1133 3772 1211 3844 Hom.
1230 3771 1265 3822 11.

222 3889 248 3937 c,
268 3873 317 3923 ⁶22
337 3867 470 3943 (νεφέλας)
491 3865 601 3942 Κρονίων
619 3867 771 3945 νηνημίης
790 3868 889 3945 ἔστησεν
908 3866 946 3920 ἐπ’
964 3863 1138 3942 ἀκροπόλοισιν
1157 3862 1264 3938 ὄρεσσιν.
