2720 4248
1054 221 1094 288 lt

59 395 265 477 vincuntur).
299 394 450 478 XXXII,
468 396 499 478 3,
519 395 577 462 13:
594 397 765 482 ‘Ampatcrt
786 397 841 462 lios
855 399 900 463 alr
921 400 1005 482 ipsis,
1027 391 1097 464 orit

59 511 244 593 macta,
289 515 413 592 acpat
462 507 587 575 easta
628 511 874 592 dilipentissims
917 511 1097 578 medanae.

62 619 304 700 Quinimmo
327 635 477 703 porcas
511 640 595 684 csse
622 617 939 704 substrictosp'ac
968 628 1003 685 ct
1028 623 1097 686 ed·

59 731 272 796 haerentes
292 734 449 816 spinae,
470 751 539 796 ecc
560 733 683 796 edicti
703 735 791 796 sinc
811 735 893 797 otta
912 733 1098 798 animalis

56 863 186 928 posse.
229 842 282 908 Na
309 844 370 908 hoc
399 843 470 908 loco
494 843 536 908 ad
558 858 709 930 neugma,
743 843 831 932 quod
858 852 993 925 vocant,
1023 863 1097 908 con·

58 955 235 1041 fugiamus,
248 955 444 1050 monendum
459 955 598 1039 videtur,
618 955 756 1024 aPlinio
772 955 960 1046 saepissime
977 955 1098 1022 omisso

61 1089 136 1130 esee
158 1067 257 1132 verba
275 1065 397 1134 dicent
416 1071 570 1135 maana
587 1071 765 1152 officiandi
780 1069 971 1157 insequente
987 1068 1097 1137 atatim
1169 1061 1174 1070 ’

61 1179 204 1244 auctoris
233 1177 369 1267 alicujus
401 1177 562 1246 sententie
576 1185 607 1263 11).
652 1179 736 1265 XX,
767 1183 803 1264 ὃ,
825 1181 884 1246 42:
912 1185 1005 1248 stilos
1033 1199 1097 1248 csse

60 1293 197 1379 (cepae)
215 1271 410 1377 pr'aemrdis
429 1297 678 1377 el'eaaccctioai‚
700 1297 946 1380 inflationemque
968 1303 998 1361 ct
1017 1295 1098 1361 alim

54 1407 166 1486 facero
186 1407 389 1470 dicarant.
434 1405 685 1492 Asclepiadis
706 1407 843 1472 scaete
865 1409 913 1472 ad
933 1409 1098 1473 calorem

61 1537 217 1604 qaoqac
243 1519 418 1584 calidam
444 1521 600 1604 profici
627 1521 696 1586 ltcc
726 1520 813 1585 cibo
837 1541 887 1606 aq.
909 1541 953 1586 ac.
976 1520 1097 1584 onsieeo

58 1628 172 1693 verbo.
204 1627 290 1696 Ibid.
314 1629 344 1712 9,
367 1629 428 1696 85¹:
450 1633 636 1697 Erasistrati
656 1633 761 1698 selcia
784 1633 895 1698 mmet
911 1631 1025 1718 eq.‘·X,
1043 1631 1096 1716 353

60 1741 141 1806 101:
169 1741 286 1806 Pictam
308 1743 451 1827 (maram
470 1742 655 1830 perdicum)
679 1747 1036 1829 ajoatocacrempeti‚
1058 1746 1098 1810 id

58 1855 223 1940 quictem
253 1862 288 1920 ct
314 1859 546 1920 octaraicce
582 1857 732 1940 Tropas
765 1859 827 1943 (ac.
858 1857 923 1940 ait)
954 1863 983 1921 ct
1008 1859 1096 1938 pol-

57 1968 240 2031 ltaacces
269 1967 507 2050 aliqaaado,
537 1969 727 2052 perdicca
756 1987 848 2032 acro
884 1988 904 2031 a
932 1970 1097 2032 domitis

49 2079 162 2162 feras
183 2084 217 2141 ct
236 2097 354 2142 aenos
371 2084 442 2142 aet
460 2081 582 2144 pictos
603 2081 704 2142 toiri
719 2081 942 2162 promiscae.
987 2075 1096 2156 Quare

56 2211 126 2254 non
148 2199 227 2274 erat,
248 2187 373 2278 opinor,
395 2211 452 2254 eur
473 2187 579 2254 Janue
601 2213 676 2254 cum
693 2187 821 2276 Siliigio
843 2190 863 2258 l.
887 2187 964 2272 XX,
987 2190 1017 2268 9,
1041 2189 1096 2254 89:

57 2301 329 2386 Epicharmos
350 2303 509 2366 testiam
532 2307 568 2365 ct
587 2303 833 2385 penitaliam
859 2305 977 2366 malis
998 2305 1098 2367 lanc

57 2411 262 2498 (brassicam)
283 2414 495 2478 atilissimc
516 2415 681 2500 imponi,
704 2416 921 2498 efficacias
942 2415 1099 2479 candem

59 2545 141 2590 cara
156 2526 252 2608 faba
274 2527 385 2608 trita,
407 2527 494 2590 item
515 2525 727 2609 convolsis,
750 2547 830 2608 cam
850 2533 942 2591 rota
963 2533 1099 2591 contre

60 2641 246 2703 ardorem
259 2639 440 2721 febriam
462 2641 719 2704 ct³stomaclti
739 2641 860 2721 cilia,
882 2659 963 2703 cam
982 2645 1098 2703 ratae

58 2753 211 2816 scmtcc
233 2751 283 2814 ad
304 2751 518 2832 secandas,
540 2771 605 2814 non
629 2757 709 2832 erat,
733 2749 815 2832 dico,
839 2769 897 2814 cur
919 2747 1098 2813 doctissimi

57 2859 107 2926 illi
138 2860 198 2924 viri
229 2871 303 2948 poet
333 2860 527 2926 vocabulum
556 2861 629 2926 trita
656 2859 836 2926 insererent
857 2863 918 2944 ait,
948 2857 1097 2948 quamvis

58 2973 92 3038 id
123 2971 219 3037 facile
245 2972 329 3038 inter
352 2977 427 3040 trita
452 2977 525 3040 item
556 2973 680 3038 conlisa
710 2973 872 3039 vocalium
907 2973 1098 3060 absorptam

58 3087 221 3155 videatur.
266 3085 383 3174 Neque
404 3085 619 3153 illuderent
639 3087 744 3172 magis
765 3085 872 3166 laudo,
895 3082 983 3175 quod
1005 3081 1096 3155 editt.

57 3199 220 3288 praebent
248 3209 323 3286 post
352 3200 488 3264 verbum
516 3201 641 3286 imponi.
686 3199 774 3265 Nam
796 3209 910 3264 neutro
934 3221 1015 3288 opus
1039 3205 1097 3282 eet,

58 3323 94 3377 et
105 3311 168 3375 hoc
188 3311 324 3376 alterum
341 3309 483 3399 alioquin
499 3331 631 3400 prorsus
649 3311 801 3376 abhorret
818 3305 860 3376 ab
878 3333 938 3377 ocu
948 3309 1098 3375 Pliniana

57 3443 167 3508 neque
191 3443 262 3486 esee
284 3419 347 3486 nisi
369 3421 531 3508 glossema
553 3417 811 3509 deprehenditur.
844 3419 950 3508 Igitur
973 3439 1097 3500 moneo,

59 3531 253 3622 saepissime
276 3531 362 3619 apud
383 3531 524 3598 Plinium
547 3532 653 3598 omitti
683 3529 867 3619 hujusmodi
888 3529 1004 3614 rerba,
1027 3549 1099 3618 par·

133 3883 158 3952 ¹)
178 3885 217 3938 of.
235 3886 350 3954 madvig.
369 3887 385 3951 a
403 3889 462 3952 era,
481 3887 507 3938 o.
526 3899 548 3937 a.
583 3849 588 3864 ⁴
