2692 4246
238 199 282 284 tt

175 374 180 388 ’
240 394 340 460 quum
362 392 428 438 non
450 369 660 446 antecesserit
682 369 881 456 subjectum,
903 369 994 436 locus
1016 392 1083 436 nen
1106 369 1148 434 eit
1160 371 1192 455 ¹).
1221 365 1282 434 At·

238 507 304 572 que
331 483 408 550 licet
435 483 470 550 in
499 482 688 548 universam
711 481 818 548 dicere
849 481 1014 549 liberrime
1044 480 1078 548 id
1100 504 1283 570 pronomen

239 595 424 686 usurpatio
441 594 547 660 Plinio
570 593 659 662 nulla
675 593 812 682 subjecti
834 594 962 661 ratione
984 593 1096 660 habita
1118 603 1188 660 tum
1211 595 1283 661 iere

241 731 339 796 quum
368 730 429 774 nos
458 715 571 773 noetm
600 706 712 793 lingua
745 705 881 774 dicimus
910 689 1071 794 'quiddam
1103 704 1283 792 singulare,

239 824 344 906 aaa,
385 821 616 904 apophoretae
628 869 638 902 ,
679 821 959 903 choraleteriatisclr,
1002 817 1113 884 Latini
1152 827 1284 884 veterae

234 925 384 1022 propriae
403 953 441 997 aa
463 953 536 996 eoae
559 927 643 1018 (Oia.
660 931 759 998 Taso.
783 929 901 1018 disput.
924 928 960 1012 I,
981 929 1038 1012 23,
1060 929 1120 1012 54,
1143 929 1184 998 cf.
1201 929 1283 996 ibid.

237 1043 273 1128 Ι,
295 1044 354 1125 27,
377 1044 453 1130 66),
476 1045 656 1128 molaria,
671 1046 862 1136 peculiaris,
884 1043 954 1132 ipse
975 1041 1100 1110 Plinius
1123 1041 1283 1108 adverbio

234 1159 446 1244 peadiariter,
468 1155 559 1221 velut
580 1156 700 1238 XXV,
721 1156 758 1238 2,
776 1156 813 1222 l:
836 1157 1108 1222 Recallariter
1130 1159 1284 1223 mactae.

237 1267 382 1352 XXVI,
403 1267 440 1350 4,
466 1268 522 1334 11:
544 1269 760 1334 Pecoliare
776 1269 987 1334 Narbonensis
1000 1269 1182 1354 prmiaciae
1203 1289 1284 1332 oea-

238 1381 312 1444 tam.
356 1379 463 1468 Igitur
484 1381 581 1468 hujus
604 1380 733 1468 generis
756 1379 913 1446 habemns
935 1377 990 1460 II,
1020 1379 1079 1460 24,
1102 1379 1161 1444 89:
1196 1379 1284 1463 Quos

239 1491 377 1580 (radica)
407 1500 436 1558 ct
458 1495 595 1578 disceas,
625 1515 696 1560 aaa
716 1495 870 1559 nomini
897 1493 1021 1576 arella,
1051 1493 1154 1558 colore
1176 1497 1284 1558 uatem

238 1604 371 1688 electro,
403 1625 495 1670 raros
523 1607 707 1687 emarpiac
738 1607 853 1676 emittit.
897 1602 966 1670 Ubi
995 1602 1104 1670 Janus
1135 1626 1193 1668 cur
1223 1624 1283 1670 sao

237 1715 398 1798 omiserit,
421 1737 487 1780 non
510 1713 614 1785 video.
660 1713 757 1793 Quod
780 1715 941 1803 quomodo
965 1715 1007 1780 sit
1029 1714 1284 1802 intelligendum

238 1826 381 1893 ostendit
401 1828 513 1910 XXI,
537 1827 574 1912 8,
597 1828 654 1893 47:
687 1827 816 1896 Smama
844 1836 959 1894 actara
981 1831 1047 1912 epac
1076 1827 1282 1914 (amaranti)

236 1945 276 2005 ia
296 1943 449 2005 nomiae
472 1945 528 2004 eet
550 1939 787 2024 appellatio,
811 1919 957 2024 paceium
977 1959 1041 2004 aaa
1062 1934 1281 2018 marceseaffl).

236 2051 362 2133 XXII,
386 2052 445 2134 22,
463 2051 520 2116 73ι
543 2052 602 2116 Est
619 2053 700 2116 eaim
717 2071 784 2116 aaa
800 2053 948 2115 aeneiae
966 2050 1101 2114 halimon
1120 2050 1170 2139 (ee
1186 2045 1282 2134 gicht

238 2164 309 2228 eine
340 2162 472 2228 Pflanee
502 2162 607 2226 dieses
630 2159 801 2248 Nemone).
844 2161 900 2244 X,
931 2161 988 2242 70,
1021 2159 1100 2226 194:
1134 2161 1282 2246 Piscator

305 2513 331 2582 ¹)
353 2514 437 2578 Quem
454 2513 561 2580 quidem
578 2530 654 2567 usum
670 2515 824 2568 memoravit
840 2515 919 2566 etiem
935 2511 1114 2580 Nigelebech,
1138 2513 1200 2564 Lat.
1219 2512 1282 2564 Stil.

234 2627 261 2678 p.
275 2611 325 2660 248
343 2613 408 2660 extr.
427 2609 527 2659 collatis
545 2622 579 2662 ex
598 2609 723 2662 Cicerone
741 2609 875 2674 exemplis.
901 2607 940 2658 ut
957 2607 1074 2674 Madvig.
1093 2607 1180 2672 etto,
1199 2605 1281 2660 enm.

304 2731 329 2800 ²)
355 2717 520 2798 Quamquam
543 2730 576 2782 de
597 2729 648 2781 hoc
670 2730 729 2795 ipso
753 2731 811 2782 loco
829 2729 996 2782 vehementer
1014 2727 1104 2780 dubito
1121 2743 1184 2779 num
1200 2714 1281 2780 voca-

233 2827 325 2879 bulum
342 2825 476 2892 appellatio
501 2825 552 2891 (sic
570 2825 654 2876 Janus
678 2841 736 2875 oum
755 2823 793 2888 S.)
818 2827 888 2874 reate
904 2837 933 2874 se
949 2821 1054 2873 habeat
1088 2821 1207 2888 Namque
1224 2838 1281 2874 non

234 2926 276 2972 est
291 2919 476 2987 negligendum
494 2919 564 2986 quod
581 2920 662 2970 etiem
683 2919 753 2984 opud
771 2918 797 2971 S.
816 2924 876 2984 poet
898 2927 934 2968 est
954 2915 1157 2982 interpungitur,
1182 2919 1212 2966 ut
1229 2932 1279 2984 ego

234 3015 400 3080 scribendum
417 3029 538 3068 censeam
554 3032 587 3069 ex
604 3004 654 3068 unu
670 3015 807 3066 Pliniana:
832 3015 865 3066 Ia
882 3014 976 3064 nomiae
991 3021 1043 3076 ert,
1062 3011 1200 3083 appellato,
1220 3029 1279 3078 pao-

234 3111 301 3160 m'am
317 3125 370 3176 sap,
390 3126 439 3162 sca
459 3110 500 3162 Ita
518 3110 622 3186 quidem
640 3110 789 3176 appellato,
803 3108 926 3175 quoniam
938 3123 977 3176 sq.
995 3107 1123 3172 etum,
1142 3109 1191 3172 44,
1211 3111 1277 3160 ata:

232 3205 271 3259 Ut
293 3204 356 3255 inde
378 3205 497 3270 appellati
521 3221 612 3273 qaoque
635 3205 833 3270 interpretatione
854 3202 954 3256 Graeco
969 3204 1068 3270 possint
1084 3203 1173 3254 videri.
1207 3203 1276 3256 Ibid.

234 3303 299 3351 250:
325 3298 422 3350 Omnia
445 3304 580 3356 sanantem
597 3299 749 3366 appellantes
765 3318 810 3351 aaa
828 3299 953 3350 vocabalo.
987 3299 1053 3350 Item
1070 3297 1146 3363 XXI,
1170 3299 1203 3362 8,
1229 3303 1277 3354 48:

231 3395 264 3456 Iu
280 3395 375 3448 nomiae
391 3403 415 3446 et
429 3395 503 3462 cyani
518 3394 592 3450 color.
624 3395 726 3459 XXXI,
747 3398 775 3459 7,
794 3397 845 3445 te:
864 3395 1041 3446 Nobilitantur
1058 3393 1235 3446 Hammoniaco
1254 3403 1279 3445 et

232 3491 301 3557 ι’ρεο,
324 3491 388 3557 quia
404 3491 453 3542 eub
475 3490 562 3540 arania
577 3489 741 3554 inveniatur,
759 3490 892 3557 appellata.
917 3489 1055 3554 XXXVII,
1074 3493 1103 3552 4,
1125 3491 1172 3540 tt:
1199 3487 1277 3541 Unde

232 3589 359 3651 etaomea
377 3620 465 3636 .....
483 3586 681 3651 interpretatione
696 3603 790 3657 praeeo
808 3585 917 3652 accepit.
952 3585 1048 3637 Melius
1064 3583 1181 3648 videtur,
1207 3583 1276 3651 quod

231 3663 298 3758 a'libi
309 3680 380 3734 dano
397 3681 473 3734 video
491 3683 629 3747 probatum
646 3683 727 3745 inisse
745 3683 793 3749 (ci.
808 3681 930 3734 Gelehrte
941 3681 1075 3748 anzeigen
1092 3679 1139 3730 der
1150 3679 1274 3746 Miinchn

232 3773 315 3828 dead
337 3760 480 3844 (22221.)Ι
505 3775 639 3844 appellatio
663 3775 748 3830 deleto
773 3781 901 3829 commate
921 3777 1048 3844 posituim,
1082 3792 1117 3828 ec
1142 3775 1275 3843 appellatio

232 3841 330 3942 lindite
341 3870 402 3942 est),
422 3873 535 3940 moniam
551 3888 591 3940 sq.
605 3871 670 3942 ,Sed
686 3873 760 3926 iavet
775 3887 850 3926 meae
867 3871 1033 3942 conjecturae
1048 3871 1187 3926 Pliniaum
1206 3886 1274 3932 mus·
