2692 4246
1088 195 1135 268 tu

85 374 215 458 XVII,
240 375 296 458 10,
319 375 370 443 ta.
397 373 657 458 XXXV1,26,
683 375 762 458 191,
793 382 923 464 prester
945 395 1030 462 qnae
1050 369 1133 444 nihil

87 486 177 552 ultra
199 484 240 552 ‹le
259 486 435 554 omnesve
455 486 548 576 potui
570 485 777 574 investigare.
801 483 955 554 Genetisi
971 481 1132 552 Gerundii

88 619 193 688 supra
215 597 365 672 vidimus,
380 597 564 686 exemplum
586 597 670 680 XV,
693 597 732 680 3,
756 597 814 688 lo:
844 598 981 664 Error
995 599 1132 664 euiett·

86 711 241 794 maadi5
270 718 440 800 praeterea
463 715 571 776 exstat
585 703 768 796 XXVIII,
790 709 829 794 6,
852 709 895 774 64
916 717 1021 776 extu:
1039 709 1132 788 ¹Aa·

84 825 251 908 9u·rium
279 845 319 890 eso
346 825 466 892 loeutus
494 825 562 908 ipso
584 830 629 888 eet
656 843 720 889 aon
750 823 914 890 timendi
940 827 1070 890 mortem
1097 821 1133 884 iu

88 938 284 1020 wenedos
308 957 355 1024 aa·
1110 1023 1113 1042 ,

180 1047 341 1114 Gerundii
369 1057 477 1116 autem
505 1069 601 1117 usum
630 1045 721 1114 illum
750 1047 849 1120 etium
871 1046 956 1136 apud
979 1045 1135 1114 Tacitum·

88 1159 295 1245 frequentem
329 1181 400 1225 esse
430 1157 587 1224 videmus.
632 1158 735 1242 Nam,
766 1168 804 1224 ut
825 1179 844 1224 e
866 1157 936 1224 solu
956 1155 1147 1244 Agricolae¹

88 1269 173 1336 Vita
195 1270 348 1358 arripiam
371 1272 538 1361 exempla,
564 1271 703 1359 legimus
724 1270 772 1336 ibi
793 1293 819 1336 o.
839 1269 876 1336 6:
906 1267 1133 1356 Vixeruntque

89 1381 177 1448 mira
208 1382 382 1448 ooueordia
416 1405 474 1470 pes·
504 1393 650 1450 mutuam
678 1383 849 1450 ceritatem
879 1389 913 1446 et
940 1383 1071 1448 invicem
1099 1402 1133 1447 ee

87 1495 328 1580 anteposuerim,-
375 1517 404 1560 o.
424 1494 499 1560 215:
535 1496 770 1580 Iotespretoosio
806 1493 973 1574 ooeeodere
1017 1490 1133 1578 (velut

89 1603 270 1672 Schillerus
298 1614 410 1670 noster
439 1605 532 1672 dicit:
566 1608 687 1686 ,well
716 1604 871 1670 eelslimme
892 1605 1038 1686 Densum
1053 1602 1132 1692 jede

88 1717 182 1782 'Phat
211 1716 431 1804 vergiftent).
476 1715 650 1782 Praeterea
678 1715 857 1782 notandum
888 1713 1018 1780 videtur
1046 1713 1132 1781 huno

88 1849 187 1894 usum
224 1825 309 1916 apud
339 1827 498 1894 Senecam
528 1847 686 1914 apparere
717 1826 816 1916 longe
848 1826 1003 1892 seriorem
1033 1845 1135 1911 quam·
1221 1805 1225 1822 ⁵

88 1949 317 2028 exspectares,
340 1940 373 2004 in
387 1938 483 2005 Plinii
496 1936 638 2006 Secundi
661 1949 770 2008 autom
793 1937 937 2028 epistolis
961 1957 1131 2002 occurrere

90 2051 241 2140 saepius,
273 2053 359 2140 apud
382 2049 621 2130 Quintilianum
643 2073 720 2121 vero
743 2049 904 2118 inlinitum
932 2071 1003 2114 esse
1031 2057 1130 2135 atque

89 2163 309 2231 immodicum.
334 2161 385 2230 Of.
398 2161 534 2247 Seneca,
551 2162 683 2242 Quaest.
699 2162 776 2228 Net.
788 2160 830 2245 V,
850 2163 899 2246 14,
916 2161 953 2226 2:
978 2159 1131 2226 Flumina

84 2277 325 2364 praecisamedo
348 2273 507 2354 sonantia.
540 2275 622 2358 VII,
642 2275 728 2356 1,3:
751 2271 850 2362 (Sol)
873 2271 1013 2340 eelorem
1036 2293 1131 2338 suum

90 2385 332 2454 intensionibus
356 2407 394 2450 ao
417 2385 662 2451 remissionibus
685 2388 883 2472 temperando
909 2385 1008 2450 fovet.
1052 2383 1132 2452 Jam

91 2519 134 2562 ex
162 2496 212 2562 his
238 2506 346 2585 potest
375 2495 532 2584 intelligi,
562 2519 659 2584 quam
686 2520 753 2564 non
780 2497 881 2564 libere
903 2496 1048 2564 Senecae
1077 2495 1132 2564 ud·

91 2609 243 2674 hibeetur
266 2607 489 2692 Gerundium,
520 2619 555 2674 ut
585 2617 634 2674 est
663 2609 698 2676 in
727 2609 815 2677 omui
845 2629 994 2675 sermone
1021 2607 1131 2676 aridus

92 2729 126 2784 et
149 2719 313 2802 concisus,
336 2741 378 2786 ne
393 2719 499 2786 diuam
519 2719 610 2786 exilis
633 2731 731 2809 atque
750 2718 903 2804 elumbis,
926 2741 1025 2808 quum
1044 2717 1131 2784 idem

91 2829 181 2920 epod
211 2837 336 2896 ceteros
366 2831 504 2898 liberum
535 2831 739 2919 solutumque
761 2840 908 2920 vagetur.
952 2829 1036 2896 Plin.
1059 2827 1131 2898 See.

91 2943 178 3032 Epp.
202 2941 255 3026 II,
275 2943 333 3027 14,
356 2945 386 3014 6,
421 2943 493 3026 III,
516 2943 553 3025 9,
576 2943 628 3008 31.
661 2939 729 3024 IV,
754 2941 870 3026 13,4:
904 2941 972 3008 Ero
989 2941 1042 3008 vel
1059 2960 1133 3010 ouu-

92 3055 157 3122 tior
167 3058 201 3120 tu
212 3057 409 3138 continendo,
429 3053 480 3118 vel
492 3052 691 3118 constantior
705 3056 739 3118 io
755 3055 872 3120 edendo
890 3055 950 3140 (so.
961 3053 1132 3142 libellum).

93 3166 299 3254 Quamquam
317 3189 359 3232 ns
376 3167 403 3232 is
422 3167 550 3253 quidem
566 3175 632 3232 tam
648 3165 751 3234 libere
770 3189 867 3254 quam
884 3165 1010 3258 Plinius
1028 3169 1133 3256 mujor

93 3281 146 3345 vel
164 3280 261 3344 etiem
278 3275 497 3357 Quintilianus
512 3301 590 3346 usus
614 3289 680 3364 est,
702 3280 745 3346 of.
765 3277 872 3346 Instit.
888 3289 968 3348 orat.
986 3277 1137 3368 prooem.¹

95 3390 157 3457 sub
171 3389 226 3458 fin.
248 3387 332 3455 Ibid.
356 3413 383 3456 o.
396 3392 423 3454 1.
446 3387 530 3456 Ibid.
547 3415 578 3479 p.
591 3391 630 3464 16
653 3389 717 3479 (ed.
731 3389 891 3480 Bipont.)‚
914 3413 946 3480 p.
961 3390 1016 3456 18:
1036 3387 1133 3469 Quod

94 3501 240 3568 moribus
270 3501 373 3588 magis
404 3502 574 3568 consulant
589 3505 740 3586 fugiendo
764 3505 885 3570 turbam
907 3505 1062 3569 lsmuioum
1083 3523 1157 3600 “ln

95 3641 120 3684 o.
146 3617 182 3700 9,
213 3625 311 3682 extu:
343 3613 461 3682 (latera
487 3615 622 3704 majoris
651 3619 759 3705 operis
791 3641 830 3684 ao
860 3617 993 3707 spiritus
1022 3615 1142 3684 Latini·

94 3727 241 3793 rhetores
281 3730 482 3814 relinquendo
517 3731 692 3794 necessario
725 3733 935 3813 yrommotioie
976 3729 1141 3797 feserunt*

94 3838 150 3908 lib.
162 3837 217 3922 II,
240 3862 272 3928 p.
288 3839 349 3906 93:
369 3838 559 3908 Illuminare
579 3843 805 3927 interponendo
823 3844 941 3930 aliquid
960 3845 1018 3910 sui.
1041 3863 1069 3912 e.
1082 3825 1138 3928 12,
