2720 4248
1066 208 1108 279 19

67 385 101 448 si
123 385 254 468 quioto
276 383 336 448 elie
358 383 561 449 solueretur.
604 378 742 476 xxxi,
764 381 795 467 2,
820 380 860 449 16
882 401 949 470 uqa
978 381 1109 463 Virum

68 498 171 562 taedia
194 497 297 562 perstre
325 497 363 560 iis
392 497 445 581 qui
471 516 513 560 ea
537 493 665 560 Clitorio
688 497 759 563 lacu
780 495 909 562 libeurit
940 496 1001 560 ait
1027 494 1109 560 Eu-

66 609 209 688 dorus,
238 613 275 674 et
307 607 580 692 Theopompus
615 607 765 680 hehiari
787 607 928 690 sortitu
963 608 1002 672 iis
1032 625 1110 692 quos

67 720 213 784 ualuas.
235 718 434 788 Musiaous
445 718 546 784 Arraei
562 740 578 784 e
585 695 676 802 fosete
690 718 795 783 Ieihari
802 720 926 804 patris.
941 769 948 784 .
962 770 970 785 .
983 769 992 784 .
1007 717 1110 800 fluere

68 852 118 916 eq.
163 831 381 912 Polyclitus
403 831 598 918 euplerisq.
645 831 930 916 Theophrastus
951 829 1008 897 hoa
1027 830 1111 910 idem

66 945 102 1006 ia
124 941 289 1028 Aethiopia
311 943 446 1032 purtem
467 943 600 1008 uomiuis
613 943 737 1024 sautem
743 990 753 1022 ,
780 941 908 1024 Lpeos
932 943 967 1006 io
993 940 1111 1006 Tasitia

69 1058 138 1142 ejus
151 1056 272 1138 sortem
294 1074 358 1118 esse
381 1074 427 1140 sq.
451 1055 533 1118 idem
554 1053 725 1116 Relatoais
747 1053 939 1118 traditor.
988 1051 1111 1118 Thea·

62 1189 229 1254 pompus
259 1171 292 1232 io
323 1167 468 1234 Scotussa
495 1169 597 1232 laeum
625 1187 690 1234 esse
718 1169 819 1232 dicit
850 1170 904 1254 qui
938 1167 1112 1235 ephetha

67 1281 208 1346 medetur
215 1303 227 1360 ‚·
259 1279 364 1346 Juba
393 1281 430 1342 to
459 1279 641 1362 Tropoetptis
673 1279 774 1344 laeum
802 1280 947 1344 iasaaam
971 1278 1113 1360 malem

69 1393 103 1456 oi
126 1391 312 1476 appeliatum
334 1396 380 1454 ter
401 1390 450 1454 (tie
463 1391 541 1470 fleri
562 1410 704 1454 amamm
726 1409 794 1476 sq.,-
816 1389 917 1452 idem
936 1390 973 1452 io
992 1387 1113 1454 Arabia

71 1503 186 1578 forstero
214 1504 338 1568 exsilire
369 1509 456 1566 tauta
483 1504 513 1566 oi
535 1523 583 1590 sq.
633 1501 938 1586 Theophrastus
965 1500 1113 1585 Marsyae

61 1617 187 1698 sautem
208 1616 242 1678 io
262 1615 402 1698 Pluppia
424 1615 466 1678 ad
483 1613 688 1678 Celaenarum
709 1614 855 1698 oppidum
876 1633 957 1678 saera
980 1631 1112 1694 eperere.

68 1723 147 1807 XV,
170 1725 201 1806 5,
224 1724 282 1790 22:
311 1725 414 1808 Quare
436 1727 559 1810 saepius
582 1727 631 1792 die
651 1725 874 1810 copulandum,
892 1731 1113 1810 praeterea

68 1857 110 1920 „ro
142 1837 319 1900 eouohas
350 1842 386 1900 et
411 1836 618 1920 plumbeas
646 1811 845 1916 eortioas,
869 1854 955 1900 aere
975 1835 1113 1900 aitiori

71 1949 134 2030 (se.
159 1945 285 2028 olives).
331 1946 383 2012 Ne
410 1946 479 2012 hoe.
495 1945 625 2032 quidem
647 1945 719 2010 loeo
742 1943 840 2008 velim
863 1951 1006 2008 statuere
1029 1939 1113 2008 exei-

72 2057 162 2122 disee
185 2061 314 2143 caudi,
337 2058 394 2124 sed
417 2059 478 2124 hoo
500 2065 607 2146 ipsum
628 2057 845 2122 intellexerim
868 2078 909 2120 ex
932 2061 953 2139 ξ
972 2056 1033 2138 21,
1055 2055 1112 2120 ubi

71 2170 208 2236 dieitur:
238 2173 365 2238 olivas
392 2174 510 2238 aoodi
539 2173 668 2256 optime,
702 2173 833 2235 orchites
862 2177 890 2234 et
911 2171 1035 2254 posius,
1065 2169 1114 2232 ael

71 2284 187 2348 uirides
208 2286 249 2347 io
269 2287 397 2348 muria
417 2285 465 2348 ael
479 2286 594 2367 frictas
615 2286 655 2346 iu
676 2285 858 2348 teutisca.
899 2279 943 2344 Et
965 2277 1114 2368 sequitur

74 2417 122 2460 eu
145 2399 317 2460 eortiais
338 2400 379 2460 iu
407 2397 523 2462 labra
536 2397 792 2479 suodeudum.
838 2389 927 2458 (love
949 2391 1049 2457 etiam
1071 2411 1113 2458 ne

73 2506 262 2571 accusativo
292 2510 426 2572 eortioos
454 2529 500 2594 sq.
527 2505 717 2588 offenderis,
751 2504 871 2592 quippe
898 2502 954 2592 qui
982 2483 1113 2590 proprie

75 2617 123 2682 ita
146 2617 310 2682 adhibitus
338 2618 381 2682 eit
409 2620 496 2708 apud¹
523 2618 697 2706 scriptores
724 2617 765 2683 R.
787 2616 828 2684 R.
858 2637 897 2682 eo
928 2636 1026 2682 sensu
1048 2635 1113 2703 quo

74 2751 137 2794 nos
160 2727 295 2794 dicimus
314 2729 477 2814 „Frttohte
493 2729 650 2816 einlegen,
673 2729 891 2794 einmeahen.“
931 2725 987 2794 ste
1002 2727 1114 2792 dixere

77 2841 161 2908 Oeta
191 2843 349 2908 leutisauoe
375 2847 409 2910 iu
440 2852 559 2910 acetum
589 2845 735 2924 caedere,
768 2837 950 2908 Columella
969 2842 1052 2928 phetes
1080 2841 1114 2902 io

77 2975 169 3020 araas
184 2954 215 3036 ¹).
260 2951 371 3020 Unum
395 2963 528 3044 propter
549 2955 682 3036 miram,
710 2975 795 3042 quae
822 2956 923 3034 inest,
950 2958 1115 3028 construo·

76 3064 177 3130 tionis
189 3066 379 3131 varietatem
396 3067 579 3154 exemplum
592 3065 765 3154 adjecerim
781 3087 822 3130 ex
834 3065 925 3132 initio
943 3064 997 3132 lib.
1018 3060 1114 3144 XIV,

58 3181 99 3270 ¹§
122 3177 160 3244 5:
182 3179 348 3264 Postquam
362 3186 487 3246 senator
501 3199 593 3246 aeosu
615 3181 689 3262 lapi
711 3179 1003 3275 coeptusaep'udea
1016 3178 1116 3260 fieri

78 3310 187 3372 ceum,
216 3293 428 3374 mapistratueo
457 3293 622 3376 auumque
659 3292 735 3356 aihil
772 3291 871 3374 mapis
905 3307 1115 3354 eaoruare
1196 3287 1200 3304 ⁸

77 3423 173 3488 quam
195 3422 315 3486 aeuus,
340 3411 504 3490 postquam
535 3424 703 3490 coepere
733 3404 847 3468 orbitas
868 3403 907 3478 iu
934 3401 1117 3466 auctoritate

68 3825 70 3832 ,
152 3769 178 3833 ¹)
202 3767 287 3833 Quam
309 3777 391 3838 saepe
410 3787 475 3824 rere
493 3771 554 3826 talis
583 3772 746 3826 usuarius
775 3737 884 3824 ablativi
911 3769 969 3822 laea
992 3765 1118 3834 appareat

67 3862 154 3949 'apud
169 3863 291 3932 Plinium,
308 3865 377 3920 intra
392 3881 452 3920 eum
469 3866 502 3920 de
518 3867 627 3936 singulis
644 3869 747 3924 essibus
763 3880 841 3938 egum
858 3865 1051 3920 demonstrabo.

178 3952 182 3964 .
911 3960 949 4010 μ
