2692 4246
198 208 262 310 rii

196 385 295 500 ungu
316 411 387 480 uu.
409 413 432 481 1.
454 415 474 484 1.
497 438 528 502 p.
553 413 595 480 aa
618 411 659 479 ae
680 413 786 479 uocum
810 410 907 478 nunu
930 411 984 478 un.
1007 411 1051 494 11,
1075 411 1126 496 aa,
1152 409 1236 478 156:

197 519 259 610 „In
281 547 316 590 so
339 525 518 612 gesucbten
539 524 606 591 und
630 524 816 613 spielenden
830 521 1060 611 Gegensatzen
1077 523 1167 588 hatte
1182 521 1236 588 die

195 633 378 704 Ilitteratur
390 639 459 704 eic'h
472 637 573 704 durch
586 635 736 704 Seneca's
746 635 889 723 Beispiel
905 635 1061 720 bewegen
1076 633 1235 720 gelerntss.
1341 718 1342 726 ἵ

197 743 349 814 dotorum
379 750 508 814 tametsi
539 748 682 814 omnium
714 746 856 812 maxime
878 743 1003 813 Seneca
1030 745 1153 832 argutis
1168 735 1237 810 'mi-

195 859 438 948 nutissimisque
462 859 631 925 sententiis
653 881 760 924 rerum
781 857 925 947 pondera
942 857 1041 948 fregit
1062 858 1236 924 vehemen-

195 970 325 1058 tiusque
349 974 530 1038 orationem
557 973 737 1038 'illustravit
758 971 941 1059 hujusmodi
960 969 1138 1036 luminibus
1161 993 1236 1036 ver-

195 1081 311 1148 borum
339 1085 502 1174 ‘cultuque
532 1085 711 1174 exquisito,
745 1093 855 1150 tamen
890 1085 988 1150 etiam'
1021 1071 1123 1149 multo
1157 1092 1236 1149 ante

195 1201 336 1260 aetatem
360 1191 521 1280 Senecae,
558 1197 745 1284 priusquam
776 1195 871 1283 hujus
901 1196 1043 1261 auctoris
1066 1194 1234 1261 concisum

196 1313 229 1371 et
250 1316 401 1393 argutum
422 1307 548 1374 dicendi
566 1331 669 1397 genus
692 1309 790 1374 latius
814 1309 948 1395 serpsit,
971 1328 1036 1373 non
1061 1299 1235 1396 fugiebant

196 1416 370 1504 scriptores
392 1419 518 1503 similia,
542 1443 624 1508 quae
642 1419 795 1486 litteratis
808 1419 964 1486 Italorum
981 1420 1140 1486 vocabulo
1160 1442 1236 1486 con-

196 1533 266 1596 cetti
287 1531 499 1618 appellantur.
543 1531 678 1597 Initium
707 1531 836 1620 quidem
859 1533 906 1598 rei
936 1533 1134 1621 investigare
1155 1533 1236 1600 licet

195 1639 271 1706 inde
301 1665 321 1707 a
347 1642 535 1708 comoediae
563 1643 752 1711 laetioribus
780 1643 989 1708 incrementis
1021 1651 1057 1707 et
1079 1643 1113 1708 in
1137 1643 1236 1711 Plau·

195 1752 273 1818 tinis
291 1754 432 1819 maxime
447 1755 566 1820 fabulis
580 1756 615 1839 ¹).
646 1755 807 1842 Equidem
822 1755 967 1836 hocloco
984 1755 1084 1821 etiam
1099 1755 1234 1820 alterius

194 1865 334 1953 generis,
357 1875 492 1952 argutae
509 1867 745 1954 conjunctionis
761 1867 944 1950 verborum,
969 1866 1118 1954 exempla
1134 1889 1233 1954 quae-

196 1975 259 2042 sita
288 1997 366 2043 cura
394 2001 477 2066 quas
504 1977 676 2044 videantur
706 1978 865 2062 adhibita,
897 1977 1113 2068 comparando
1141 1977 1231 2044 illiue

196 2089 311 2182 aetatis
334 2091 485 2174 sermoni,
508 2098 544 2155 ut
566 2091 598 2154 in
622 2091 737 2155 ceteris
760 2091 833 2174 feci,
858 2113 898 2155 ex
921 2091 1028 2156 Plinio
1053 2091 1175 2178 majore
1198 2100 1233 2156 et

195 2201 328 2284 minore,
351 2205 520 2289 praeterea
540 2225 558 2267 e
573 2203 700 2291 scriptis
713 2201 856 2270 Senecae
870 2203 1070 2292 deprehensa
1085 2205 1231 2270 afferam.

195 2311 271 2377 Nat.
294 2312 380 2379 Hist.
402 2315 472 2398 IX,
495 2314 553 2399 34,
578 2316 658 2381 105:
677 2306 761 2380 'Nisi
788 2320 840 2401 qui
867 2320 1061 2381 vescimur
1082 2317 1233 2401 puricello

197 2427 289 2489 edom
309 2429 533 2499 uestiemur.
573 2426 657 2494 Ibid.
683 2427 734 2512 17,
756 2427 815 2492 67:
841 2427 993 2512 Coqaos
1017 2430 1075 2492 erui
1097 2429 1234 2510 euryalus

191 2537 295 2622 pluria
323 2554 415 2622 quam
445 2559 566 2623 equos
593 2541 790 2624 quiritatum.
833 2539 887 2620 X,
916 2537 974 2620 50,
1006 2537 1084 2603 141:
1118 2539 1172 2602 Er
1195 2560 1233 2604 eo

197 2651 351 2734 coepimus
374 2670 535 2715 carcerc
555 2652 706 2714 animalia
729 2661 915 2716 coercere
938 2673 984 2738 sq.
1016 2649 1094 2716 Jam
1117 2672 1158 2715 ex
1181 2650 1233 2714 his
1259 2651 1266 2658 '

196 2759 408 2846 intelligimus
438 2760 594 2848 exemplis
624 2761 770 2826 obtinere
799 2761 885 2825 hunc
914 2784 1007 2825 usum
1038 2784 1095 2826 seu
1123 2761 1233 2826 lusum

196 2871 380 2956 verborum,
405 2895 479 2937 cum
496 2881 618 2957 auctor,
642 2873 726 2938 sicut
740 2873 773 2937 in
790 2873 927 2962 exordiis
947 2873 1016 2937 fere
1031 2873 1233 2960 singulorum

196 2981 363 3065 librorum,
387 2981 420 3047 in
442 2981 567 3070 reliqua
590 2983 821 3048 sententiarum
838 2981 1011 3047 crebritate
1027 3005 1064 3047 ac
1079 2980 1233 3048 vitiorum

196 3093 398 3159 incusatione
422 3094 514 3182 quasi
537 3091 677 3160 molliter
701 3105 732 3159 et
754 3103 884 3184 praeter
903 3092 1037 3158 modum
1060 3093 1233 3157 vehemen-

196 3205 336 3272 tioribus
358 3205 505 3294 indulget
527 3206 626 3272 animi
650 3207 801 3275 motibus.
836 3205 959 3273 Oontra
981 3229 1058 3272 casu
1081 3205 1233 3271 videntur

197 3316 365 3402 excidisse,
389 3338 472 3403 quae
494 3317 590 3403 hujus
613 3315 742 3404 generis
765 3326 856 3381 sunt:
879 3317 1010 3398 XVIII,
1033 3315 1136 3400 3,15:
1163 3315 1233 3399 Qua

197 3429 235 3494 dc
258 3449 353 3494 causo
374 3435 507 3494 statuo
529 3431 558 3493 ei
579 3451 599 3493 a
621 3431 738 3515 populo
761 3433 837 3515 ebbe
861 3430 973 3494 colluto
1001 3406 1157 3494 studeto
1179 3433 1232 3492 est.

265 3701 291 3764 ¹)
311 3701 349 3753 Of.
369 3699 486 3752 Caesaris
504 3700 664 3776 aliorumque
682 3701 789 3753 facetiae
806 3701 876 3768 apud
886 3701 940 3752 (lie.
952 3703 994 3752 De
1006 3701 1076 3752 Orat.
1093 3702 1128 3766 11,
1150 3704 1183 3752 60
1194 3719 1234 3770 sq.

197 3799 224 3844 et
241 3772 423 3861 Morgenblalt,
442 3795 497 3846 Mai
518 3797 591 3858 lece,
608 3795 655 3846 No.
676 3799 722 3845 212
740 3795 1011 3861 AltrdmischerWitn,
1029 3797 1169 3848 beecnders
1188 3797 1233 3849 dee

198 3885 289 3940 (licere
307 3887 360 3938 und
378 3889 525 3953 Augustus,
544 3903 591 3939 aue
610 3887 664 3940 Cic.
682 3889 790 3951 Quintil.
810 3893 856 3940 etc
875 3889 1017 3957 geschdpit
