2692 4246
11 287 13 544 l

11 545 13 632 l

1070 185 1113 262 ‚93

80 357 236 424 eilientem
267 358 360 446 quasi
390 359 495 446 ruptis
528 357 666 424 vinculis
694 381 778 424 nova
800 380 928 446 semper
961 359 1115 446 variaque

79 469 219 554 gaudere
243 469 369 534 dicendi
393 469 599 551 facilitate..¹)
641 469 818 550 XXVIII,
842 469 878 550 2,
905 469 960 536 12·
983 470 1115 536 Darat

11 637 12 658 q
78 583 224 657 immenso
245 583 385 676 exemplo
401 582 569 650 neaman
585 584 815 668 patrisfiltique
836 603 895 666 qao
915 603 947 646 se
967 585 1114 664 devovere

79 698 217 774 cumaea,
238 692 371 758 aaitct
393 693 536 758 raam
547 689 673 758 Vestalis
697 694 803 758 iaceat
816 683 992 776 deprecatio
1010 701 1099 778 sq

163 803 239 868 Huc
257 803 353 870 etiam
371 803 566 904 referendae
577 814 652 868 eunt
669 804 922 868 exclamationes
938 805 1012 871 illae
1028 805 1114 892 apud

77 909 229 1014 Plinium,
246 909 364 1004 quihus
379 913 541 982 interdurn
557 937 663 980 sermo
676 917 870 980 interclusus
883 926 932 980 est
947 917 999 1001 (cf.
1016 939 1114 1004 supra

73 1023 105 1116 p
130 1025 174 1094 80
196 1027 236 1091 de
258 1027 479 1114 parenthesi),
503 1027 679 1114 eademque
700 1051 717 1092 e
737 1027 884 1094 variandi
905 1027 1012 1093 studio
1036 1036 1114 1108 sane

77 1129 225 1227 profecta
248 1147 298 1202 eet
321 1138 464 1202 omnium
488 1137 543 1202 illa
566 1140 707 1214 maxime
729 1129 811 1204 inira
832 1138 963 1218 XVIII,
985 1141 1037 1222 33,
1051 1139 1114 1206 328

77 1274 146 1339 sqq.
173 1273 285 1338 quam,
316 1247 352 1316 nt
375 1251 559 1338 exemplum
583 1249 745 1335 natabile,
770 1261 870 1316 totam
893 1251 991 1319 liceat
1013 1261 1115 1318 trans-

76 1365 178 1429 ferre:
202 1363 259 1430 Illo
271 1368 327 1445 (ec.
341 1351 382 1429 ad
395 1369 529 1428 ventum
545 1353 842 1452 septentrionalem)
856 1369 884 1430 ιι
890 1367 925 1430 ιιι
941 1369 1114 1451 putator,

76 1479 223 1543 arborum
247 1478 360 1570 plapae
381 1497 420 1542 ae
443 1483 577 1564 speeteat
598 1497 646 1563 sq
683 1477 771 1541 llla'ac
793 1479 892 1559 flaute
920 1499 965 1542 ae
980 1487 1114 1560 arata,

75 1611 214 1676 quaeqae
237 1590 301 1652 alta
318 1589 547 1674 praecipiemus
564 1637 648 1652 .....
683 1589 772 1652 lllc'ae
786 1589 869 1670 flata
890 1577 1028 1655 aaaieat'e
1050 1613 1115 1654 ma-

71 1705 186 1766 teriam
214 1703 408 1784 piceamque,
437 1701 634 1782 uaricula,
661 1721 704 1764 ae
733 1707 922 1766 tractes
911 1752 1023 1766 .....
1055 1703 1115 1768 Hic

76 1815 175 1878 alioue
199 1816 341 1876 timeatur
361 1811 559 1894 carpito'aram
581 1813 755 1895 quatridaa,
779 1815 875 1877 haac
897 1816 1067 1878 aaaeat
1054 1819 1115 1878 ιιι-

75 1930 177 1992 attor
200 1926 366 1988 calamis
386 1926 625 2008 pemmo'sqae
646 1927 883 1990 tacaalatar
900 1973 1006 1990 .....
1022 1927 1115 2008 froa-

76 2041 145 2103 dem
159 2037 260 2101 medlo
276 2037 334 2115 die,
358 2035 586 2116 artaretur,
608 2055 655 2099 ae
678 2039 844 2102 caedito.
869 2036 1116 2103 Cammerr'dc'em

76 2151 183 2214 adesse
205 2150 365 2230 scotres,
390 2151 556 2230 pastor.
578 2197 584 2210 .
606 2195 639 2210 ..
666 2149 816 2232 pecudem
839 2169 855 2212 e
877 2151 939 2212 sole
961 2153 994 2210 e'a
1017 2169 1116 2232 opaca

77 2261 219 2346 capito.
276 2259 353 2323 Cam
382 2265 497 2322 aestate
521 2277 673 2342 pasces,
702 2261 736 2322 ta
766 2263 950 2326 occidentem
981 2267 1116 2346 specta

76 2381 146 2438 uate
169 2373 328 2436 meridiem
348 2420 356 2436 .
375 2419 382 2435 .
400 2419 432 2434 ..
462 2371 490 2434 si
510 2373 544 2433 ιἰι
564 2372 754 2435 rorateatam
778 2374 907 2454 duces,
939 2394 978 2436 ae
1008 2379 1116 2438 coatra

76 2485 312 2570 septentrionem
328 2481 571 2566 pauoris...
594 2481 1112 2570 qaisemtaasccace‘piocles....

75 2599 149 2661 ιἰιιιιΙ
171 2597 312 2677 capito.
351 2589 425 2670 Qua
446 2591 537 2658 velut
561 2591 694 2681 propria
716 2593 854 2681 quadem
878 2593 1017 2661 formula
1039 2595 1115 2660 eari-

75 2719 205 2795 ptorum
235 2705 275 2768 de
305 2723 340 2768 re
369 2704 491 2769 rustica
524 2705 698 2792 compellat
728 2707 937 2794 graviterque
963 2705 1115 2770 admonet

77 2827 224 2906 agrestes
246 2813 323 2903 quid
350 2817 466 2902 cuique
497 2831 638 2903 quoque
656 2815 732 2882 anni
762 2827 908 2904 tempore
937 2815 1113 2882 curandum

77 2933 127 3012 sit,
153 2927 423 3016 quemadmodum
443 2925 604 3014 hodieque
621 2927 707 3013 apud
722 2951 867 3014 paganos
883 2927 953 2994 fieri
966 2925 1113 2993 videmus

76 3066 134 3132 per
152 3063 207 3106 eas
227 3039 281 3127 qui
305 3039 408 3104 festae
434 3039 504 3102 eive
530 3031 712 3110 calendaria
732 3039 940 3104 conscribunt
961 3039 1114 3127 agricolis

77 3155 220 3244 dantque
232 3151 323 3218 varia
333 3160 508 3238 praecepta
520 3149 560 3216 de
573 3171 725 3238 agrorum
738 3150 967 3240 hortorumque
979 3153 1113 3218 cultura.

101 3307 179 3316 ,m-
185 3307 240 3314 ,ς’
547 3293 549 3300 Ι
599 3305 750 3314 -ι-ι-μῄ
1070 3307 1113 3314 ⁴·—

148 3391 172 3455 ¹)
198 3390 295 3442 Contra
318 3387 449 3440 rarissima
473 3387 551 3454 hujus
581 3387 682 3454 generis
708 3389 828 3454 exempla
855 3388 1018 3452 reperiuntur
1044 3392 1115 3455 apud

77 3485 215 3538 Senecam:
246 3483 350 3552 Dialcg.
368 3485 395 3550 1,
420 3487 449 3548 6,
474 3487 504 3532 7:
534 3483 594 3534 Non
617 3487 672 3534 tem
695 3483 787 3550 longae
810 3485 837 3534 ia
855 3485 921 3536 erim
945 3483 1020 3534 rabir
1037 3499 1115 3550 quarn

77 3579 225 3631 introeatur
245 3593 339 3630 morae.
379 3575 419 3641 Π,
446 3581 476 3640 1,
500 3579 530 3626 1:
561 3577 652 3628 Altera
674 3580 735 3642 pars
758 3576 794 3628 ad
815 3579 1003 3644 obsequendum,
1032 3578 1116 3630 altera

78 3675 178 3740 tropario
196 3677 258 3724 nata
276 3673 319 3725 eit.
354 3670 465 3739 Saepius
483 3676 571 3722 antem
588 3669 659 3736 apud
676 3669 804 3738 Tacitum,
824 3674 856 3724 ct.
874 3674 961 3742 Agite.
976 3675 1008 3736 Ι6ι
1034 3673 1115 3725 Vixe·

78 3773 190 3835 suntque
212 3768 278 3820 mira
302 3767 449 3834 concordia,
475 3783 523 3834 per
545 3775 649 3818 mutuam
672 3767 799 3820 caritatem
826 3778 849 3820 et
871 3769 974 3822 laricem
997 3786 1023 3820 se
1047 3777 1114 3820 ante-

76 3863 195 3932 paaeada.
263 3861 266 3868 '

492 3934 699 3948 Μ
