2720 4248
180 1586 294 1722 Quum
329 1659 389 1728 per
421 1639 481 1708 hoe
513 1641 655 1732 quinque
691 1665 795 1714 annes
829 1644 1130 1733 animadverterem,

88 1773 191 1842 quam
212 1749 307 1819 multi
323 1751 386 1818 viri
401 1761 525 1842 quante
546 1752 655 1822 studia
676 1755 711 1822 in
734 1777 773 1822 eo
793 1756 1015 1843 elaborarent,
1038 1767 1075 1826 nt
1095 1759 1130 1826 ia
1237 1814 1239 1817 .

89 1864 336 1953 quaestionibus
355 1864 423 1930 anis
438 1864 596 1934 Pliniunie
609 1876 761 1936 vetustae
774 1868 925 1936 lectionis
939 1871 1130 1940 memoriam

89 1997 188 2066 quam
218 1975 361 2042 maxime
389 1986 525 2065 possent
554 1999 666 2046 veram
695 1987 880 2068 repeterent
907 2003 949 2047 er
978 1982 1129 2050 omnibus
1235 2001 1248 2009 ’

86 2085 233 2176 nudique
248 2087 432 2172 codicibus,
455 2089 767 2180 miraber'equidem
789 2091 868 2180 qnid
889 2112 1007 2183 cauma
1029 2104 1126 2179 esset,

87 2199 177 2291 quod
198 2198 275 2266 inde
296 2199 339 2266 ab
361 2221 400 2266 eo
423 2208 584 2288 tempore,
605 2223 672 2290 quo
693 2203 812 2291 prodiit
827 2202 925 2270 editio
943 2203 1125 2292 Silligiana,

84 2311 163 2378 huic
185 2311 242 2378 uni
265 2333 384 2402 operae
407 2333 519 2380 omnes
541 2312 661 2381 int'euti
683 2323 807 2399 essent,
839 2315 879 2382 de
907 2315 1126 2404 singulariae

85 2421 219 2514 proprio
240 2422 338 2490 Plinii
360 2423 523 2492 scribendi
543 2446 665 2513 genere
688 2427 862 2516 separatim
877 2427 999 2496 diceret
1016 2451 1124 2498 nemu.
1165 2445 1166 2448 ’

85 2535 154 2602 Vix
183 2535 270 2602 enim
306 2558 404 2603 unam
439 2537 617 2604 alterumve
648 2539 833 2627 hujusmodi
863 2541 1126 2610 observationem

86 2647 193 2714 allatis
221 2647 413 2738 plerumque
442 2646 623 2736 scripturae
648 2647 874 2737 discrepantiis
900 2650 1125 2741 interpositam

86 2769 138 2826 est
158 2759 281 2827 videre.
325 2755 413 2840 Quid
435 2757 539 2847 ergo?
570 2779 649 2833 nuru
671 2760 706 2826 iu
734 2761 899 2844 inchoato,
928 2764 1048 2832 nedum
1070 2765 1126 2831 ab-

85 2871 190 2940 soluto
220 2869 413 2940 restituendi
443 2879 542 2958 atque
570 2870 804 2959 interpretandi
830 2871 971 2942 Plinium
1001 2875 1124 2962 labore,

86 2983 173 3071 quod
195 2994 266 3052 erat
287 2991 485 3067 extremum,
507 2983 550 3050 ab
575 2983 668 3053 initio
686 3005 747 3071 ego
767 3007 838 3050 aum
861 2988 1123 3056 constituturus?

83 3095 159 3184 Ego
180 3117 258 3164 vero
280 3096 315 3162 in
337 3095 535 3162 recensendo
558 3095 620 3161 hoe
642 3105 773 3162 armore
800 3097 941 3166 arbitror
968 3101 1058 3186 fere,
1086 3113 1125 3170 ut

84 3231 149 3276 non
185 3231 310 3298 paucae
346 3210 552 3296 conjecturae
588 3206 871 3296 deprehendantur
912 3211 1014 3279 falsae
1051 3236 1123 3282 esee

83 3320 244 3408 multique
274 3321 450 3388 multorum
480 3329 660 3410 appareant
686 3341 827 3406 errores,
858 3323 913 3411 qui
935 3325 1012 3408 sibi,
1045 3325 1123 3394 dum

84 3434 191 3522 ipsum
213 3434 403 3522 scriptorem
427 3433 610 3520 corrigunt,
638 3432 740 3499 verbe
761 3433 910 3501 codicum
933 3438 1123 3505 emendasse

84 3543 248 3612 videntur.
276 3544 383 3632 Igitur
397 3567 514 3612 censeo
529 3543 751 3634 suscipiendas
766 3555 877 3634 partes
890 3545 1012 3615 labaris
1033 3551 1122 3637 novi,

84 3657 222 3722 intactas
246 3657 317 3724 illas
333 3656 463 3745 quidem
479 3657 585 3724 adhuc
601 3667 658 3725 eut
668 3681 776 3748 rpaene
791 3660 949 3744 intactae,
972 3668 1009 3726 ut
1027 3683 1123 3730 omne

84 3769 249 3858 scriptoris
278 3769 408 3838 dicendi
437 3792 541 3858 genus
571 3779 604 3836 et
625 3769 751 3837 indoles
772 3780 842 3836 tota
864 3773 1047 3841 accuratius
1075 3775 1123 3844 in-

83 3881 294 3970 vestigentur.
337 3881 543 3972 Quamquam
565 3905 632 3952 nou
654 3905 728 3950 eum
749 3883 829 3950 mihi
851 3885 995 3954 animum
1017 3909 1120 3975 sumo,

912 3999 950 4054 1}
