2692 4246
236 219 282 290 94
333 321 336 330 ,

712 467 794 566 ΙΙΙ.

237 661 316 784 Dll
357 661 688 784 PLEONASMO
727 665 961 804 QUODAM
1001 665 1279 786 PllNlllNll.

323 899 376 966 De
407 899 570 968 brevitate
600 901 727 968 dicendi
756 901 904 968 Pliniana
937 902 991 992 qui
1021 901 1117 968 modo
1146 900 1278 988 legerit,

238 1003 377 1100 quaein
400 1011 621 1101 superioribus
645 998 783 1080 ‹iiaserui
813 1013 959 1104 pluribus
982 1011 1090 1080 verbis
1114 1011 1279 1100 exemplo·

235 1105 374 1212 rumque
403 1121 565 1190 illustravi
594 1125 817 1212 multitudine,
850 1125 1022 1192 confestim
1050 1124 1079 1190 is
1110 1123 1172 1189 lroo
1201 1122 1277 1190 loeo

236 1255 289 1300 me
312 1255 371 1300 suo
390 1236 465 1322 juro
487 1235 720 1324 interpellabit,
750 1237 835 1303 hano
856 1235 994 1324 figuram
1017 1235 1087 1302 sive
1110 1233 1278 1300 abnndan-

236 1345 316 1411 tiam
334 1345 490 1412 orationis
506 1358 684 1435 negaturus
699 1347 845 1416 obtinere
866 1371 962 1438 posse
980 1347 1066 1438 apud
1083 1345 1277 1436 scriptorem

235 1455 380 1522 breviter
399 1457 526 1524 dicendi
543 1459 595 1524 vel
613 1459 756 1526 omnium
777 1459 1056 1530 studiosissimum.
1085 1459 1181 1526 Licet
1197 1481 1278 1525 sane

236 1568 302 1633 tale
325 1568 446 1656 aliquid
476 1571 690 1656 contendere3
725 1571 782 1636 sed
810 1571 1017 1638 nihilominus
1048 1571 1118 1658 ejus
1146 1593 1278 1661 qnoque

235 1680 365 1768 generis
388 1691 518 1748 exstant
548 1683 703 1748 nonnulla
732 1683 765 1748 in
796 1683 886 1750 libris
908 1683 1075 1750 Naturalis
1098 1681 1276 1767 Historiae,

237 1814 321 1882 quae
343 1791 384 1859 ad
406 1792 653 1877 Pleonasmum,
682 1817 777 1884 quem
803 1792 1016 1862 Grammatiei
1040 1796 1166 1878 dicunt,
1193 1795 1277 1862 rele-

236 1905 338 1971 renda
362 1906 540 1977 videantur.
577 1906 783 1994 Quamquam
806 1909 840 1974 in
862 1909 923 1974 hoo
945 1931 1064 1996 genere
1087 1931 1160 1974 oum
1184 1905 1276 1973 Oios-

236 2039 316 2083 rone
338 2019 389 2084 vel
414 2020 511 2087 etiem
531 2017 627 2086 Livio
659 2021 806 2086 conferre
828 2020 969 2088 Plinium
996 2021 1072 2086 lieet
1094 2043 1274 2108 nusquam;

238 2131 357 2196 etenim
382 2131 559 2198 adstrictus
584 2142 633 2196 est
655 2131 775 2198 Noster
798 2153 990 2222 semperque
1013 2131 1075 2198 sibi
1097 2131 1199 2198 instat
1220 2153 1276 2198 ex·

229 2243 386 2330 ¹ponendo
410 2243 570 2330 breviter3
594 2245 654 2309 nisi
671 2245 758 2334 quod
775 2244 965 2332 excipienda
980 2255 1056 2310 sunt
1072 2243 1275 2332 singulorum

236 2354 306 2420 fere
327 2355 482 2450 librorum
506 2361 679 2446 prooemio.
722 2357 816 2424 Haeo
843 2358 927 2424 enim
954 2357 1162 2448 plerumque,
1196 2355 1275 2421 dum

235 2466 360 2554 grande
382 2470 491 2534 neseio
516 2469 592 2558 quid
616 2469 769 2536 videntur
791 2469 874 2534 velle
897 2449 1022 2552 sonore,
1046 2468 1199 2534 effusiore
1221 2468 1275 2533 de·

231 2561 369 2646 vcurrunt
392 2579 547 2646 orationis
569 2580 703 2646 flumine
726 2580 938 2669 verbosisquo
967 2580 1157 2646 excursibus
1181 2582 1276 2668 qnasi

233 2692 411 2776 luxuriant,
434 2693 552 2782 quibus
576 2709 687 2760 auctor
709 2693 887 2760 insectetur
905 2691 1128 2768 vehementius
1142 2692 1274 2782 generis

232 2805 366 2872 humani
389 2827 532 2894 suaeque
554 2806 670 2872 aetatis
692 2806 781 2872 vitia.
825 2805 888 2872 His
910 2805 1009 2894 igitur
1032 2805 1178 2894 exeeptis
1200 2805 1275 2871 reli-

234 2939 299 3004 qua
320 2941 449 3008 sempor
471 2918 639 3002 breviora;
662 2928 786 2984 restent
807 2928 915 2984 tamen
935 2917 1090 2986 nonnullo
1113 2917 1274 2983 sermonis

235 3031 329 3116 quusi
362 3029 531 3120 plenioris,
567 3053 649 3118 quae
683 3030 779 3096 etiam
813 3028 899 3118 opud
922 3027 1063 3094 Plinium
1089 3028 1274 3094 redundare

232 3140 404 3208 videantur
427 3143 479 3208 rel
496 3143 592 3231 paulo
611 3143 742 3208 uberius
763 3142 848 3206 diota
867 3162 947 3226 esse,
970 3140 1016 3206 ita
1037 3149 1074 3206 ut
1096 3141 1177 3206 haee
1199 3141 1274 3230 ipsa

233 3251 424 3340 scriptorum
460 3253 605 3340 ejusdem
639 3253 754 3318 aetatis
786 3251 918 3341 propria
951 3251 1106 3318 dieamus.
1159 3254 1273 3342 Atque

232 3365 328 3454 hujus
352 3366 481 3458 generis
505 3366 585 3434 haee
609 3388 628 3430 a
649 3387 702 3430 me
724 3363 850 3431 deleote
871 3386 1029 3454 propono.

528 3593 569 3656 A.
613 3590 678 3656 Du
700 3588 971 3658 NOMINIBUS.

315 3750 385 3834 XI,
414 3749 455 3814 37
466 3797 476 3832 ,
507 3747 584 3814 143:
627 3719 748 3826 Ferunt
783 3747 904 3814 Tiberio
939 3745 1084 3832 Coenum,
1121 3767 1178 3812 neo
1214 3747 1271 3811 olii

228 3865 454 3944 penitorum
481 3863 723 3944 mortalium,
742 3862 1014 3943 foramentorum
1041 3881 1088 3946 sq.
1133 3857 1270 3928 Diotum
