2692 4246
1073 182 1143 288 13¹1

101 357 256 440 tistorum
289 379 348 444 por
383 357 554 446 poetioipis
590 357 643 424 vel
681 357 841 426 ablativos
879 355 1047 436 pbsolutos
1082 356 1144 435 vel„

100 467 261 556 gerundia
288 471 376 534 oosio
405 471 509 537 modo,
522 473 661 558 miraque
690 470 834 536 brevitate
869 450 1036 534 in''semet
1066 468 1138 554 ipu

100 577 351 668 implicatorum.
385 575 456 668 [Of.
479 581 512 647 in
537 580 694 670 exemplis
717 603 816 668 supro
837 579 1012 670 propositis
1035 604 1066 670 p.
1081 581 1166 665 43,-

100 689 256 774 XXXV,
280 691 330 775 10,
354 692 405 758 91.
448 694 579 776 XVIH,
602 693 632 777 6,
654 693 706 762 35.
746 690 920 778 ΧΧΠ,6,
945 693 996 758 15.
1029 714 1060 782 p.
1082 692 1144 778 44,

100 801 276 886 xxxm,
298 803 341 874 53
364 805 447 872 meo.
479 827 513 894 p.
534 805 592 888 46,
615 802 698 887 vn,
721 804 774 888 eu,
799 803 870 870 124.
903 827 934 892 p.
956 801 1144 899 4·t,‘u111,¹
1217 783 1219 791 '

103 911 161 996 16,
184 914 237 978 54.
281 915 443 1000 XXXV,
473 917 509 999 8,
532 917 584 988 85.
630 941 660 1004 p.
684 915 743 998 82,
776 917 955 1000 XXXVI,
980 915 1039 1000 15,
1064 913 1143 1010 124,Ι

100 1048 132 1112 p.
155 1024 206 1108 86,
228 1025 385 1112 XXXV,
407 1027 439 1114 4,
462 1028 513 1096 23.
556 1051 587 1116 p.
613 1029 684 1116 100,
706 1029 879 1114 XXVIII,
902 1026 932 1114 2,
957 1029 1006 1094 15.
1140 1067 1145 1078 .

187 1169 300 1250 Quoto
322 1187 388 1240 'nos
417 1174 451 1240 in
484 1175 632 1244 omnibus
664 1175 814 1264 reliquis,
852 1197 936 1262 queo
966 1173 1146 1240 Plioisuuez

101 1283 240 1350 orationi
261 1285 374 1352 insunt
396 1285 515 1352 eximio
544 1309 583 1352 eo
611 1286 745 1375 propris
768 1295 915 1374 quosque
937 1290 971 1352 'm
994 1284 1137 1374 superios

101 1394 191 1463 ribus
219 1419 341 1482 magua
371 1419 412 1464 ex
434 1407 528 1486 porto
550 1397 631 1466 mihi
652 1397 764 1464 videor
794 1397 1001 1486 exposuisse,
1032 1417 1146 1484 genus<

100 1505 207 1594 ipsum
230 1507 357 1580 dicendi
386 1509 438 1574 vel
469 1521 602 1599 proptor
626 1511 728 1578 solum
751 1509 983 1578 'vocabulorum
1007 1509 1137 1576 illorum

99 1619 243 1708 inopium
274 1622 315 1686 ab
345 1621 526 1710 antiquiore
559 1623 775 1713 componendi
801 1625 930 1690 ustione
957 1621 1054 1711 plene
1080 1621 1136 1688 ab·

100 1731 233 1798 horrore
249 1732 479 1820 judicabimus.
614 1731 617 1740 '
856 1747 859 1754 '

514 1979 721 1992 ..--.-.-......,

131 2313 133 2319 .
566 2217 670 2311 VII.

100 2432 176 2552 DE
197 2434 458 2582 ARGUTHS
481 2433 801 2570 QUIBUSDAM
816 2433 1135 2554 VERBORUM.
1167 2491 1174 2520 =

189 2685 271 2753 Cum
302 2687 331 2751 in
362 2688 476 2752 ceteris
499 2687 642 2770 Plinius,
674 2695 710 2752 ut
740 2709 839 2774 supra
865 2709 896 2774 p.
923 2655 1072 2752 69-71
1105 2693 1137 2750 et

100 2823 131 2888 p.
157 2795 299 2863 78-80
322 2797 555 2894 demopntmmi,
580 2797 681 2862 multa
703 2807 872 2885 poetarum
896 2818 937 2861 ex
959 2820 1019 2861 usu
1043 2783 1137 2860 vocu-

101 2913 178 2978 bula
195 2913 228 2978 in
244 2911 424 3002 pedestrem
436 2909 612 2978 orationem
626 2911 805 2993 arcessivit,
822 2920 889 2976 tum
905 2911 1030 2998 lepores
1043 2933 1137 3002 quos,

102 3025 175 3091 dum
200 3005 372 3092 verborum
396 3034 428 3086 et
450 3023 693 3106 sententiarum,
716 3045 796 3109 quos
810 3021 925 3088 Cicero
949 3021 1079 3110 quidem
1103 3023 1136 3088 iu

103 3136 227 3203 deliciis
263 3135 419 3200 sermonis
454 3135 505 3211 ve]
535 3135 641 3223 potius
678 3133 807 3222 ineptiis
838 3135 1039 3217 numeravit,
1070 3158 1137 3202 non

102 3249 215 3336 rejecit
232 3249 265 3334 ¹).
313 3243 450 3324 Constat
477 3269 582 3335 genus
610 3245 705 3312 modo
734 3244 841 3334 eliqua
870 3246 997 3312 minuto
1020 3269 1061 3312 ex
1083 3245 1136 3311 ed·

102 3381 197 3426 verso
218 3357 325 3446 posita
349 3357 525 3440 sententio,
556 3355 651 3422 modo
675 3378 740 3420 une
762 3356 832 3428 sole
854 3379 934 3420 voce
957 3366 1073 3444 arguto
1096 3353 1145 3448 udi

102 3493 170 3536 rem
194 3470 432 3559 depingendam
455 3469 609 3534 adhibita.
655 3468 804 3534 Alterum
828 3467 957 3555 quidem
988 3467 1067 3532 illud
1091 3479 1137 3534 ot·

170 3748 195 3818 ¹)
214 3749 255 3802 Of.
273 3750 328 3802 Cio.
342 3749 441 3801 Orator.
463 3751 502 3811 12,
521 3752 563 3799 39.
591 3749 649 3808 Aut.
667 3748 700 3800 sd
712 3747 774 3800 lior.
792 3747 838 3810 IV,
857 3751 900 3812 Ἡ,
920 3752 951 3798 29
970 3747 1003 3798 de
1021 3749 1149 3822 innomi,

102 3843 208 3896 notione
225 3843 281 3895 sive
299 3838 479 3918 oopoeopooip.
510 3842 621 3908 Quintil.
639 3843 722 3894 Insot.
742 3841 817 3893 Orat.
837 3840 887 3904 lx,
908 3843 937 3908 3,
958 3844 998 3895 6&
