2692 4246
302 859 508 951 INDEX
536 859 930 954 TITULORUM.

534 1103 689 1119 -ψ

1026 1221 1116 1272 Papias

95 1300 118 1350 1·.
144 1301 184 1353 Da
202 1303 320 1354 brevitate
338 1302 437 1354 dicendi
453 1339 881 1358 .........................
883 1331 885 1338 ·
893 1339 969 1357 .....
1028 1305 1129 1353 7-89

179 1412 200 1464 Ι.
261 1415 302 1464 De
319 1414 405 1480 ellipsi
424 1449 971 1468 ................................
1027 1415 1130 1466 t—so

180 1527 215 1578 11.
262 1527 303 1578 Do
311 1527 448 1608 aijeotivis
460 1533 487 1578 et
495 1528 692 1594 pronominibus
703 1529 787 1580 vioam
798 1528 974 1597 obtinentibus

299 1622 455 1674 substantivi
472 1658 970 1676 .............................
1010 1625 1129 1673 sl-sa
1205 1644 1206 1648 ¹

179 1734 227 1785 111.
261 1737 303 1786 Da
321 1735 423 1786 ossibus
441 1735 555 1801 obliquis
562 1769 970 1788 ........................
1011 1738 1084 1785 29-
1097 1737 1129 1784 67

298 1847 330 1897 A.
348 1849 390 1897 Do
406 1847 527 1914 genetivo
543 1882 971 1899 .........................
1010 1849 1043 1896 29
1053 1873 1085 1884 -
1095 1849 1128 1897 81

298 1941 329 1991 Β.
350 1942 393 1991 Da
410 1940 499 1990 dativo
510 1976 971 1994 ...........................
1011 1943 1130 1992 32-36

300 2034 329 2086 O.
346 2036 387 2086 De
405 2035 551 2085 aoousativo
560 2070 794 2088 ..............
804 2047 815 2085 s
823 2071 969 2093 .........
1009 2037 1041 2085 87
1053 2062 1085 2073 -
1096 2041 1130 2087 40

298 2131 332 2180 D.
351 2131 392 2180 De
410 2129 526 2180 ablativo
543 2165 970 2182 .........................
1010 2135 1041 2180 lt
1053 2159 1082 2169 -
1097 2134 1129 2182 67

387 2221 416 2289 α)
434 2223 564 2274 ablativus
581 2237 684 2288 oonseq.
702 2223 757 2274 sive
771 2223 951 2274 absolutus...
963 2261 969 2273 .
1010 2229 1041 2273 41
1056 2253 1085 2262 -
1096 2228 1130 2275 bt

388 2317 416 2385 β)
435 2319 567 2370 ablativus
585 2320 680 2370 omissa
695 2319 888 2384 praepositione
904 2319 977 2368 vario

470 2413 594 2478 positusx
595 2449 970 2466 ......................
1009 2413 1130 2464 54-88

387 2504 417 2578 γ)
435 2505 566 2557 ablativus
590 2521 623 2556 ex
645 2506 836 2571 praepositione
858 2505 975 2572 pendens
1011 2507 1129 2557 89-67

179 2622 226 2673 1v.
257 2622 298 2673 De
315 2621 442 2688 panuliari
459 2620 571 2687 quadam
589 2621 617 2671 vi
633 2637 797 2673 numerorum
809 2657 971 2674 ..........
1012 2622 1130 2670 67-77

301 2735 332 2784 Δ.
350 2736 391 2785 De
407 2735 534 2800 singulari
551 2749 658 2784 numero
667 2769 972 2787 ..................
1012 2735 1086 2785 68-
1097 2737 1129 2784 71

300 2828 329 2878 Β.
350 2830 392 2879 Da
408 2842 514 2878 numero
531 2827 627 2894 plurali
648 2863 970 2882 ...................
1011 2829 1042 2876 71
1054 2855 1087 2866 -
1097 2830 1129 2878 75

182 2940 215 2990 V.
262 2942 304 2990 Do
321 2941 444 3006 singulari
461 2939 572 3005 quodum
589 2955 638 2991 usu
655 2939 873 2991 substantivorum
877 2975 972 2992 ......
1013 2938 1087 2988 75-
1097 2940 1130 2990 80

241 3037 243 3044 ’
302 3053 333 3102 Α.
350 3053 392 3102 De
408 3051 577 3103 substantivis
595 3052 729 3103 abstractis
747 3051 850 3102 usitatis
867 3067 915 3117 pro
933 3051 977 3101 ad·

384 3145 487 3210 jeotlvis
507 3182 863 3198 .....................
872 3167 874 3172 2
876 3181 970 3198 ......
1011 3145 1129 3195 78-77

302 3240 332 3290 Β.
350 3241 392 3290 Do
409 3241 578 3291 substantivis
599 3255 647 3304 per
663 3241 851 3305 appositionem
868 3239 976 3304 adjecti·
1026 3271 1030 3285 .

386 3350 477 3385 vorum
493 3336 550 3385 vioe
567 3336 669 3386 usitatis
684 3371 972 3388 .................
1013 3337 1044 3384 77
1055 3361 1087 3373 -
1098 3335 1131 3384 80

182 3447 228 3497 vt.
263 3448 303 3497 Do
321 3447 481 3512 parenthesi,
502 3462 579 3512 quam
597 3452 692 3498 vooant
704 3481 971 3500 ................
1012 3450 1045 3498 80
1056 3475 1087 3486 -
1098 3447 1131 3496 83

181 3561 241 3611 VII.
262 3560 303 3611 Do
314 3559 405 3612 eadem
422 3561 550 3612 brevitate
568 3529 684 3624 dicandi,
703 3575 770 3627 quae
781 3559 828 3610 flat
839 3575 887 3626 per
897 3559 977 3626 parti·

303 3655 371 3721 oipia
387 3691 973 3710 ..................................
1013 3655 1132 3704 tls-so

182 3767 256 3818 VIII.
264 3768 305 3818 Do
318 3768 442 3834 gerundio
457 3804 972 3823 ..............................
1012 3769 1045 3819 85
1056 3795 1089 3806 -
1098 3771 1132 3819 88

182 3877 228 3930 IX
263 3880 305 3932 De
322 3881 415 3948 supino
422 3919 972 3939 ................................
1012 3883 1045 3934 88
1057 3909 1085 3922 -
1098 3885 1131 3934 89
