2720 4248
1121 225 1145 292 ὓ
1184 301 1186 306 ,

95 407 175 495 pria
197 406 262 470 sint
270 391 377 470 iPlinii
400 393 569 491 ab-eequb'
589 393 789 468 bracteae
811 397 1040 484 novatae-'nisi
1056 397 1143 485 qnod

96 516 373 606 compositionem
392 516 445 581 vel
461 515 615 603 syntaxin
637 513 802 600 neglexit,
824 507 1143 601 quasi-'fundamenta
1239 573 1241 592 ,

92 633 226 719 jaceret
249 627 407 694 condendi
429 626 619 694 onomastici
642 625 792 693 Pliniani.

185 839 365 942 ittqnsa‘d
388 841 551 940 ea,'qua'e
573 843 791 925 fundamenta
799 845 882 914 'asae'
894 847 961 914 dixi
982 869 1143 937 grammat

98 967 188 1031 tione
210 957 380 1030 Plinianae
408 957 475 1030 me'·
492 953 744 1052 qudque¹1spero
767 962 942 1051 propositis
965 959 1016 1025 his
1037 983 1143 1053 grume

100 1078 229 1143 matteis
243 1067 484 1166 quaestionibus
507 1068 869 1168 nonnihil'eollaturum
891 1073 1030 1140 evolutis
1048 1073 1143 1140 libris

100 1189 272 1255 Naturalis
294 1179 463 1256 Historiae
490 1190 619 1278 saepius
646 1187 846 1274 adjectisque
874 1186 915 1251 in.
930 1186 1142 1275 comparens,

98 1323 178 1366 nem
208 1302 255 1366 rei
282 1303 443 1384 Senecae,
463 1295 603 1382 Taciti,
622 1330 626 1341 =
642 1299 775 1365 mineris
798 1294 917 1381 Plinii,
951 1297 1142 1380 Quintiliani

102 1414 305 1502 aliorumque
323 1413 467 1501 scriptis:
486 1414 572 1479 unde
589 1423 745 1501 appareat
757 1423 878 1500 quanto
899 1434 996 1500 opere
1014 1411 1141 1477 Plinius

101 1548 122 1590 a
145 1526 312 1592 communi
335 1526 510 1591 verborum
533 1525 767 1591 consuetudine
795 1545 921 1611 usuque
949 1523 1140 1611 quotidiano

100 1637 288 1703 discesserit
303 1647 525 1727 quantumque
538 1638 571 1703 in
586 1639 845 1702 maximarerum
860 1644 1140 1724 argumentorum-

100 1771 167 1836 que
195 1751 288 1837 copia
314 1749 537 1838 magnitudine
568 1737 781 1838 amplitudine
803 1748 976 1815 contulerit
998 1747 1141 1813 sermoni

98 1861 245 1945 Latino,
286 1863 390 1950 qualis
420 1862 554 1950 vigebat
584 1863 685 1950 ipsius
715 1870 839 1945 aetate,
880 1859 1075 1949 proferendo
1107 1868 1141 1932 et

101 1975 258 2060 augendis
281 1976 416 2040 vocibus
435 1985 467 2039 et
486 1975 657 2042 novandas
671 1972 980 2061 amplificandueque
996 1970 1139 2038 dictioni.

100 2087 147 2152 Et
169 2087 344 2152 movebant
367 2111 434 2172 me,
458 2098 494 2154 ut
521 2089 606 2154 hunc
629 2110 747 2176 operae
772 2087 869 2154 linem
886 2084 966 2150 mihi
981 2106 1140 2172 propone-

98 2221 168 2264 rem
178 2248 187 2280 ,
211 2220 294 2286 quae
311 2199 524 2265 Uultelm'usin
537 2195 801 2264 Chrestomathia
818 2195 969 2263 Pliniana
984 2207 1060 2262 ante
1078 2197 1140 2264 bec

99 2310 266 2376 biennium
301 2311 389 2376 edita
419 2311 543 2400 passim
573 2309 614 2374 de
642 2310 736 2375 vario
769 2333 828 2376 usu
857 2309 1031 2377 verborum
1067 2311 1140 2376 sub

99 2423 273 2510 scripserat
291 2422 343 2488 vel
366 2423 481 2506 tacite,
504 2432 602 2511 prout
625 2423 697 2512 ipsa
718 2421 869 2508 editionis
891 2423 974 2490 ratio
997 2421 1139 2512 postula

96 2533 169 2615 bat,
207 2533 455 2622 significaverat.
502 2534 629 2614 Quibus
660 2557 721 2621 ego
751 2537 830 2600 visis
860 2535 960 2602 libros
992 2535 1139 2622 singulos

96 2643 171 2708 Nat.
189 2644 276 2709 Hist.
293 2644 397 2709 denuo
415 2645 524 2732 legere
540 2646 778 2712 constituebam
794 2657 1025 2734 accurateque,
1049 2646 1139 2734 quid·

98 2756 175 2842 quid
198 2755 230 2822 in
254 2757 472 2845 comparanda
496 2767 527 2821 et
552 2758 745 2846 explicanda
768 2758 901 2845 syntaxi
930 2759 1138 2847 responderet

97 2868 281 2956 proposito,
309 2876 457 2955 repetere
488 2877 586 2956 atque
614 2869 661 2932 ita
692 2869 821 2932 demum
852 2867 946 2955 quasi
975 2891 1061 2934 nova
1091 2871 1137 2934 in.

98 2980 264 3044 cedentem
305 2980 359 3044 via
399 2981 546 3045 conferre
592 2979 792 3067 aliquantum
834 3002 907 3046 cum
948 2980 989 3046 ad
1030 2981 1138 3069 operis

98 3091 277 3157 difficillimi
313 3091 640 3182 interpretationem,
685 3100 755 3157 tum
790 3091 832 3157 ad
862 3092 988 3161 litteras
1018 3092 1137 3159 latinas

99 3202 261 3290 argentei,
291 3204 378 3292 quod
401 3214 536 3288 vocant,
567 3203 686 3270 saeculi
714 3203 931 3292 exquirendas
954 3217 987 3271 ct
1009 3229 1136 3272 accuru-

98 3316 161 3380 tius
185 3317 437 3403 cognoscendas.
472 3317 512 3382 In
536 3340 599 3406 quo
623 3317 753 3405 quidem
777 3317 884 3401 doleo,
909 3316 995 3404 quod
1018 3317 1137 3383 attinet

98 3427 139 3493 ad
165 3427 313 3524 lectionis
338 3429 590 3518 discrepantias,
620 3415 817 3496 novissimae
845 3449 942 3495 eurae
970 3431 1046 3496 June*
1074 3429 1136 3496 tria

98 3550 221 3606 tuntum
245 3542 353 3629 priora
376 3543 541 3608 volumina
569 3554 699 3631 praesto
729 3542 809 3607 mibi
837 3543 954 3624 fuisse,
986 3550 1134 3629 quartum

98 3676 182 3718 nunc
213 3653 342 3718 demum
374 3676 473 3742 quum
505 3656 586 3720 baec
621 3655 726 3720 scribo
760 3654 793 3720 in
828 3655 933 3719 lucem
966 3651 1134 3742 prodiisse.

98 3759 193 3828 Unde
223 3765 341 3830 multas
364 3765 586 3854 quaestiones,
617 3788 700 3853 quae
731 3787 766 3830 se
788 3765 902 3830 volunt
934 3765 1136 3833 accuratiore

99 3875 151 3938 illa
177 3877 323 3942 codicum
352 3877 525 3944 collatione
556 3877 718 3965 persolvi,
750 3877 827 3943 dum
856 3877 897 3943 ad
919 3878 1000 3945 baec
1022 3879 1134 3944 alienis
