2692 4246
230 209 275 278 w
406 243 409 250 .

231 383 384 474 deinoeps
412 407 465 452 me
501 393 710 468 convortam,
747 383 836 472 qnod
872 382 1002 472 quidem
1031 405 1134 471 genus
1165 405 1273 472 aeque

230 497 396 586 proprium
428 519 501 564 esse
532 497 630 564 Plinii
663 495 813 564 videatur
853 496 1060 586 meximeque
1093 495 1270 584 singulare.

230 607 345 697 Neque
374 609 460 676 enirn
491 608 578 698 apud
607 607 689 676 alios
719 609 895 698 scriptores
923 618 1053 676 veteres
1073 617 1201 676 tentum
1221 609 1272 676 in-

230 719 342 788 venias
365 729 497 810 tamque
519 721 647 808 insigne
669 719 812 788 studium
834 719 1002 804 variandi,
1027 729 1064 788 ut
1085 719 1131 787 its
1151 720 1272 804 dioam,

230 832 389 900 orationis
416 832 562 898 membra
590 831 662 898 sivo
689 832 762 898 loeo
793 831 986 900 elocutionis
1007 832 1122 900 nolitne
1144 833 1207 900 alio
1229 855 1272 900 so
1335 865 1339 874 v

230 966 315 1010 noro
354 943 523 1032 liberoque
560 943 657 1009 modo
694 943 854 1010 onumiati
889 943 1035 1010 nembro
1067 943 1270 1029 absolvendi,

230 1056 443 1146 quantumin
467 1055 591 1139 Plinio,
614 1056 671 1145 qni
694 1056 746 1122 rel
768 1057 801 1122 in
824 1057 874 1122 his
895 1077 963 1123 non
985 1055 1093 1124 minus
1114 1079 1212 1145 quam
1234 1057 1271 1124 in

229 1167 394 1236 liberrimo
416 1167 470 1234 illo
493 1191 554 1234 nso
578 1169 713 1236 ablativi
735 1168 892 1250 absoluti,
916 1168 1036 1258 dequo
1056 1191 1154 1258 sopra
1170 1169 1271 1257 plori-

230 1281 293 1346 bns
314 1280 466 1369 exposui,
490 1279 688 1346 admirabilis
710 1281 790 1346 mihi
813 1281 942 1346 videtur
964 1303 1003 1344 ao
1025 1281 1169 1346 novitate
1191 1304 1270 1370 qua-

143 1433 148 1464 ι
230 1391 306 1459 dam
328 1390 455 1458 dioendi
477 1415 605 1481 semper
627 1393 798 1460 excellens.
830 1393 936 1480 Igitur
957 1391 1084 1460 Plinius
1106 1393 1167 1458 heo
1189 1415 1269 1460 osus

229 1503 356 1570 ratione
373 1504 405 1570 in
421 1503 602 1591 oonjonotis
619 1505 797 1571 enuntiatis
814 1525 962 1592 quaeque
976 1504 1124 1594 pluribus
1140 1515 1270 1572 constet

230 1613 378 1703 partibus
397 1615 543 1682 oratione
559 1615 655 1681 modo
674 1617 834 1683 oonoretis
856 1617 1023 1684 obstr-nota
1044 1617 1157 1684 misoet
1173 1639 1269 1704 vooa·

232 1725 319 1810 buln,
341 1724 437 1791 modo
454 1727 586 1792 mutatis
605 1728 734 1794 ossibus
753 1729 950 1817 variatisque
967 1740 1147 1796 extremum
1167 1753 1270 1798 mem·

211 1837 325 1916 dmm
348 1838 489 1904 adnectit
510 1861 569 1926 per
590 1841 885 1929 praepositionem,
915 1863 1002 1908 nuno
1026 1842 1146 1908 omissa
1177 1865 1270 1930 prae·

230 1949 391 2040 positione
420 1952 543 2018 nudum
571 1975 681 2018 ossum
713 1953 815 2018 libere
843 1953 950 2042 ponit,
988 1954 1126 2020 alterum
1156 1977 1270 2022 rursus

231 2064 410 2130 membrum
434 2065 533 2130 verbo
557 2065 693 2153 exeipit,
716 2075 814 2154 atque
829 2066 876 2132 ita
890 2067 1027 2153 singulis
1043 2067 1169 2132 instans
1183 2090 1270 2132 oom-

231 2185 336 2242 mutot
347 2177 463 2258 omnia,
477 2186 522 2258 ut,
538 2177 687 2266 quamvis
702 2199 740 2242 eo
755 2179 825 2265 ipso
844 2178 986 2244 breviter
999 2177 1126 2246 dioendi
1137 2200 1269 2265 genere,

232 2286 271 2352 do
285 2309 349 2375 quo
361 2286 438 2368 dixi,
447 2289 556 2353 multis
570 2289 649 2354 locis
663 2283 820 2354 obscoene
832 2292 874 2354 sit
887 2313 926 2358 ao
936 2289 1077 2356 difficilis
1092 2291 1269 2374 intellectu,

230 2409 339 2464 tamen
368 2421 494 2488 semper
523 2423 697 2489 suspensos
724 2423 784 2466 nos
807 2411 917 2468 teneat
938 2401 1083 2490 legentes
1106 2403 1189 2468 mira
1211 2403 1269 2472 illa

228 2510 401 2578 loeutionis
423 2512 585 2595 novitate,
610 2514 761 2580 narrandi
783 2523 941 2604 perpetua
962 2515 1135 2598 varietate,
1158 2537 1270 2582 rerum

230 2645 312 2712 quae
334 2623 541 2690 eontinentur
563 2626 706 2714 ipsarum
730 2626 824 2714 eopia
846 2636 944 2715 atque
967 2626 1123 2696 ubertate.

316 2733 470 2802 Ceterum
501 2736 533 2800 id
564 2758 684 2824 genus,
726 2737 879 2824 quoniam
912 2737 945 2802 in
978 2760 1133 2826 praesens
1166 2739 1269 2804 otium

229 2847 336 2930 deest,
367 2861 483 2937 postea
513 2871 608 2936 spero
638 2871 690 2914 me
712 2849 859 2937 pluribus
886 2861 1150 2937 persecuturum,
1184 2851 1270 2916 siout

229 2959 309 3025 alias
325 2961 532 3048 quaestiones
551 2962 750 3050 complures,
770 2983 854 3050 quae
873 2963 913 3028 ad
931 2963 1085 3050 syntaxin
1105 2963 1269 3051 pertinent

229 3069 419 3138 Plinianam·
450 3071 600 3161 Namque
620 3073 771 3140 Tacitum
795 3073 925 3160 quidem
948 3073 989 3138 de
1011 3073 1062 3139 his
1085 3076 1268 3142 aoonrotius

229 3205 417 3272 comperero
446 3209 519 3251 oum
548 3185 645 3250 Plinii
673 3207 838 3269 sermono,
869 3207 929 3274 pro
958 3197 1104 3280 tempore
1126 3211 1179 3254 me
1201 3211 1268 3254 non

228 3294 374 3382 potuisse
401 3296 610 3364 vehementer
641 3296 745 3369 dolon.
790 3295 917 3382 Quare,
948 3308 985 3364 ut
1012 3321 1101 3368 nuno
1131 3321 1184 3366 res
1207 3310 1268 3383 ost,

228 3407 308 3472 haee
330 3427 348 3474 e
371 3407 448 3473 solis
466 3405 633 3474 Naturalis
653 3405 820 3473 Historiae
841 3407 933 3474 libris
955 3407 1096 3476 deduota
1118 3411 1272 3500 exempla

228 3517 364 3586 doceant
386 3529 484 3608 atque
506 3519 669 3586 illustrent
687 3529 833 3606 apertum
849 3520 1040 3605 variandae,
1064 3522 1150 3610 quod
1169 3522 1268 3610 signi-

227 3627 340 3714 fioevi,
363 3631 505 3697 studium
529 3630 691 3696 dictionis.
734 3631 805 3716 XI,
828 3631 887 3716 29,
913 3633 992 3698 101:
1023 3635 1268 3724 (Inseotorum)

231 3741 484 3826 Quorundam
506 3749 635 3810 ostensi
656 3747 808 3830 lonpiores
831 3753 1024 3830 ornantur,
1042 3754 1077 3814 ot
1098 3749 1268 3814 locastis.

227 3851 312 3922 Ibid.
335 3854 397 3936 25,
420 3853 480 3920 87:
509 3854 755 3945 (Scorpionnm)
774 3861 912 3942 pomieno
934 3859 1171 3944 quibasdam
1193 3879 1269 3924 oon·
